2070 3060
165 145 217 202 aee
344 109 377 192 n.
413 107 797 195 nuunnrsnnncnn.
851 131 855 140 ·

163 247 231 296 1110
244 243 296 296 Sed
309 243 417 312 quando
428 242 519 296 solusi
537 242 655 296 Mundus
664 241 806 310 inpositus
816 248 883 296 tuas

242 313 405 380 Consuescet
415 313 538 373 umbras,
549 318 631 380 teque
643 313 797 364 Tartareus
804 316 883 365 canis

241 379 367 433 inhibere
378 381 497 448 poteriti
516 381 630 444 Quando
642 383 800 432 Taenareas
810 379 889 432 fures

243 450 381 522 Pulsabis,
393 456 441 502 aut
452 466 518 518 quas
529 457 617 502 mater
627 451 661 500 ad
673 449 767 502 fauces
778 465 854 516 agar,

243 521 304 582 Qua
314 535 388 572 mors
398 518 504 572 adituri
515 549 547 558 -
558 519 643 572 Vadis
655 519 691 570 ad
699 520 808 580 Manes,
818 520 876 568 iter

162 589 230 640 1115
241 589 392 640 Habiturus
401 604 496 639 unum.
514 588 586 651 Quid
597 587 668 639 dsem
677 593 775 654 questu
784 585 864 638 terei

245 657 316 721 Quid
327 659 427 709 misera
437 657 518 708 duras
528 655 601 708 vitai
620 657 684 724 quid
693 657 782 709 lucem
792 651 863 706 hane
877 656 975 708 tenes!

244 728 331 788 Quem
342 741 438 792 parere
450 741 544 778 rursus
556 725 703 776 Herculem
712 739 822 791 possum
834 723 911 775 lorii

245 797 377 858 Quisnam
388 800 529 861 parentem
539 799 639 862 gnatus
647 793 791 844 Alcmenen
801 807 883 845 suam
1010 793 1011 796 ’

243 865 349 914 Tantus
359 861 485 914 vocabiti
505 863 528 914 0
538 863 617 914 nimis
627 862 705 925 felir,
717 862 804 924 nimis,

163 931 232 982 1180
243 931 374 984 Thebane
385 933 496 994 coniux,
509 931 619 982 'sartari
630 932 735 981 intrasti
746 931 808 981 loce

243 1001 372 1052 Florents
384 1006 463 1064 nat03
475 1006 556 1066 teque
567 1001 721 1050 venientem
731 997 813 1050 Inferi

244 1071 373 1130 Timuere
384 1068 491 1132 forsan,
503 1068 575 1136 quod
587 1073 666 1133 pater·
675 1073 781 1118 tantum
792 1068 925 1120 Herculis

245 1139 295 1192 Vel
305 1137 390 1190 falsus
401 1138 507 1188 aderas.
543 1138 617 1198 Quas
629 1142 722 1202 petam
733 1143 823 1188 terras
834 1152 917 1200 auus,

242 1209 333 1259 Invisa
343 1207 431 1260 saevis
443 1205 566 1273 regibus,
577 1206 599 1254 si
611 1206 670 1270 quis
679 1211 771 1258 tamen

164 1275 232 1328 1185
243 1277 301 1328 Rex
314 1281 356 1326 est
365 1275 476 1326 relictus
487 1271 601 1326 saevusi
619 1273 674 1324 Hei
682 1275 799 1325 miserae
810 1272 893 1326 mihi!

244 1344 403 1411 Quicunque
415 1358 510 1394 caeses
521 1344 661 1410 ingemunt
672 1345 748 1410 gnati
757 1349 860 1410 patres,

246 1415 267 1465 Α
283 1427 327 1464 me
338 1417 434 1479 petent
445 1412 590 1478 supplicia3
601 1425 644 1462 me
656 1413 747 1462 cuncti
758 1413 886 1464 obruent.

247 1479 276 1534 Si
287 1482 346 1548 quis
357 1483 445 1532 minor
454 1481 572 1541 Busiris,
583 1485 631 1530 aut
641 1481 665 1530 si
676 1481 735 1546 quis
746 1481 835 1532 minoi·
906 1535 907 1538 ,

245 1551 364 1602 Antaeus
372 1551 455 1600 urbes
465 1548 586 1600 fervidae
597 1553 683 1599 terret
694 1549 800 1616 plagam

119 1629 122 1637 '
165 1619 235 1672 1190
246 1619 306 1684 Ego
317 1618 420 1684 praede
432 1617 525 1668 ducar.
544 1615 572 1668 Si
584 1617 643 1684 quis
655 1617 784 1669 Ismarius
794 1631 898 1686 greges

247 1685 363 1738 Thracis
375 1687 479 1737 cruenti
490 1685 623 1735 vindieat:
635 1691 749 1752 carpent
759 1701 858 1754 greges

243 1755 309 1807 Mea
318 1755 440 1806 membra
451 1753 509 1806 diri.
528 1753 654 1806 Forsitan
664 1769 767 1821 poenas
778 1760 856 1822 petet

245 1818 320 1874 Ir'ata
330 1824 411 1874 luno:
423 1828 498 1874 tetus
510 1828 605 1874 uratur
615 1823 702 1874 dolor.

194 1943 195 1946 ,
242 1893 345 1944 Secura
354 1893 427 1946 vieto
438 1893 547 1946 tandem
559 1892 593 1942 ab
603 1891 696 1944 Alcide
709 1898 803 1956 vaeat3
843 1887 848 1898 “

166 1962 235 2016 1791
248 1957 342 2014 Pellex
352 1975 510 2027 supersum,
521 1961 654 2026 supplicia
664 1961 698 2013 de
710 1977 763 2028 qua
773 1963 875 2030 exigua

247 2029 288 2082 Ne
298 2045 395 2096 parere
406 2045 529 2096 possem,
541 2029 607 2081 feeit
617 2027 661 2080 hie
672 2028 827 2082 natus'rnihi

246 2100 359 2151 Uterum
369 2099 527 2150 timendum.
547 2099 623 2160 Quae
635 2103 726 2164 petam
736 2099 864 2152 Alcmene
872 2100 950 2154 iocai

245 2169 311 2230 Quis
322 2167 466 2228 meluens,
478 2183 547 2235 quae
557 2167 647 2234 regie,
659 2182 729 2235 quae
739 2167 830 2218 mundi
841 2169 928 2239 plaga

247 2235 397 2297 Defendet,
409 2242 457 2286 aut
467 2251 533 2303 quas
543 2241 631 2288 uiator
639 2237 668 2286 in
678 2237 798 2298 latebras
809 2251 878 2304 agar

166 2303 235 2355 1800
249 2303 351 2370 Ubique
362 2319 413 2369 per
422 2310 450 2356 te
461 2303 593 2423 notaifi
603 2306 720 2371 patriam
731 2311 823 2372 petam

248 2371 523 2438 Laresquemiseros:
564 2387 628 2440 rges
638 2372 810 2440 Eurystheus
819 2379 907 2429 tenet.

248 2441 351 2492 Merita
362 2439 471 2492 Thebes
482 2457 566 2509 regna
576 2448 603 2492 et
614 2442 739 2494 Ismenen
750 2449 851 2508 petam,

249 2507 451 2574 'l'halamesque
463 2518 581 2571 nostros,
591 2511 618 2560 in
629 2511 725 2577 quibus
736 2513 872 2578 quondam
883 2515 975 2567 lovem

250 2578 360 2628 Dilecta
369 2577 437 2639 vidi,
449 2577 518 2643 proh
528 2580 606 2628 nimis
617 2577 695 2642 felix,
708 2581 793 2642 nimis,

169 2644 237 2698 1800
250 2643 279 2697 Si
289 2645 475 2738 fulminantem
486 2651 514 2698 et
524 2648 585 2716 ipsa
595 2649 741 2702 sensissem
751 2648 860 2703 lovem!
