2064 3054
181 149 407 206 flaucatus
426 153 628 208 OETAEUS.
664 159 751 210 ACTr
776 189 796 200 -ν
831 163 880 228 293

84 253 106 301 0
118 257 219 319 quanta
228 250 287 304 fudi
296 258 432 316 munstur,
443 263 512 322 quaa
522 256 609 308 nullus
620 257 683 310 mihi

83 321 138 370 Rex
148 319 303 386 imperaritl
324 322 425 372 Institit
435 325 520 374 virtus
531 323 600 374 mibi.

81 390 182 438 lunone
193 389 278 454 peior.
315 387 370 440 Sed
381 390 444 456 quid
454 391 617 456 impavidum
628 407 712 458 genus

80 457 190 506 Fecisse
202 456 332 522 prodest?
351 473 404 508 non
415 456 518 510 habent
527 473 623 525 pacem
636 461 696 512 deit-

82 526 202 592 l’urgata
212 521 292 575 tellts
303 527 389 576 omnis
399 527 426 576 in
438 527 515 580 coelo
528 527 610 589 videt,
647 529 653 542 ⁴
848 533 880 582 65

81 593 266 660 Quodcunque
277 595 528 647 timuitstranstulit
539 597 606 648 luno
618 595 699 650 feras.

7 679 8 686 ¹
80 663 170 728 Anrbit
179 668 317 728 peremtus
329 665 432 714 Cancer
442 664 582 716 ardentem
594 666 711 732 plagam,

14 765 18 771 -
80 731 240 796 Libyaeque
250 731 323 781 sidus
335 730 437 795 fertur,
451 740 480 784 et
490 748 592 785 messes
604 735 659 785 alit.

81 802 182 850 Annum
193 797 319 866 fugacem
329 801 413 850 tradit
422 802 551 853 Astraeae
562 803 621 866 leo;

78 869 112 918 m
122 869 194 934 ipse,
203 869 309 918 iactans
319 868 449 920 fervidam
460 871 536 922 coelo
547 871 648 934 iubam,

79 939 206 987 Austrum
216 936 369 988 madentem
381 938 480 1000 siccat,
492 945 519 988 et
529 941 634 992 nimbos
646 943 725 1007 rapit.

80 1006 181 1055 invasit
192 1006 280 1056 omnis
292 1007 373 1056 ccccl
388 1007 441 1056 iarn
454 1007 559 1058 coelum
569 1007 637 1069 fera,

81 1074 180 1139 Meque
191 1074 346 1124 antecessit.
381 1073 478 1125 Victor
490 1091 505 1126 e
516 1077 595 1126 terris
607 1062 689 1127 me⁴os¹

82 1140 183 1206 Specto
195 1141 312 1192 labores.
340 1143 421 1192 Astra
431 1145 564 1208 portentis
575 1146 651 1210 prius

80 1209 210 1276 Ferisque
220 1209 288 1260 luno
299 1209 406 1260 tribuit:
417 1218 448 1261 ut
458 1212 563 1262 coelum
574 1210 643 1262 mihi·

80 1277 196 1330 Faceret
207 1279 364 1330 timendum.
393 1278 753 1345 sparseritmundumlicct,

81 1347 245 1414 coelumque
255 1349 337 1398 terris
347 1349 424 1412 peius
434 1363 468 1398 ac
475 1349 551 1412 peius
563 1347 650 1414 Styge

79 1415 154 1466 lrata
163 1415 264 1467 faciat:
274 1415 383 1466 (labitur
392 1415 502 1477 Alcidae
512 1415 598 1466 locus.

80 1481 108 1534 Si
120 1490 183 1551 post
193 1483 279 1546 feras,
290 1489 354 1550 post
364 1483 448 1544 bella,
459 1489 521 1548 post
530 1481 656 1559 Stygium
667 1499 770 1546 canem,

79 1552 205 1604 Nondum
216 1559 291 1604 astra
301 1550 517 1604 meruit'Siculua
527 1552 691 1618 Hesperium
702 1553 773 1604 latus

79 1622 327 1692 Tangat-Pelorum
338 1637 393 1689 una
403 1622 458 1670 iam
469 1620 548 1672 tellus
559 1622 623 1672 erit:

77 1690 153 1742 illino
163 1689 265 1758 fugabo
278 1691 371 1740 maria.
400 1687 429 1740 Si
439 1691 512 1756 iungi
523 1689 600 1740 iubes
608 1706 620 1738 :-

77 1761 236 1811 committat
246 1759 332 1810 undas
343 1757 514 1820 Isthmos,ct
523 1759 616 1808 iuncto
632 1757 696 1808 salo*

75 1829 155 1878 Nova
165 1827 288 1878 terantur
298 1829 405 1878 Atticae
416 1841 519 1892 puppes
530 1827 583 1877 ria.

75 1897 200 1946 Mutetur
211 1895 297 1946 orbis:
308 1897 422 1946 vallibus
435 1901 528 1946 currat
538 1897 622 1946 noris

78 1964 162 2022 ister,
170 1977 311 2028 novasque
323 1965 424 2014 Tanais
435 1964 552 2028 accipiat
562 1965 635 2014 vias:

77 2031 137 2090 Da,
149 2029 185 2079 da
195 2029 325 2091 tuendos,
335 2031 561 2096 lupiterrsaltem
572 2031 651 2082 deos!

78 2099 128 2150 llla
138 2097 232 2147 licebit
241 2095 341 2146 fulmen
353 2112 370 2146 a
379 2103 457 2162 parta
469 2095 587 2158 auferas,

76 2169 138 2234 Ego
151 2179 232 2232 quam
242 2163 348 2213 tuebor.
377 2163 440 2214 Sine
450 2163 591 2232 glacialem
601 2163 712 2230 polum,-

77 2235 133 2287 Seu
145 2249 189 2286 rne
201 2232 271 2283 tueri
282 2229 412 2282 fervidam
424 2238 529 2297 partem
539 2232 637 2282 iubeas
703 2269 706 2272 .

78 2305 140 2356 llac
152 2319 211 2354 esse
223 2301 343 2368 Superos
353 2307 429 2367 parte
440 2315 551 2352 securos
561 2306 636 2366 putat

79 2370 210 2423 Cirrhaea
220 2372 313 2422 Paean
323 2371 426 2436 templa
434 2375 463 2422 et
473 2367 622 2421 aetheriam
633 2369 742 2423 domurn

78 2439 215 2506 Scrocnte
226 2454 307 2491 caeso
318 2442 430 2504 meruit3
442 2444 471 2490 at
482 2440 588 2506 quoties
597 2439 671 2491 iacet

78 2507 191 2575 Python
201 2510 228 2558 in
239 2507 345 2574 hydra?
364 2507 490 2560 Bacchus
502 2513 533 2559 et
539 2508 656 2560 Perseus
669 2509 726 2560 dcis

79 2578 138 2630 lam
151 2593 180 2630 se
190 2578 319 2642 intulere;
330 2579 378 2630 sed
391 2583 475 2646 quota
486 2585 529 2628 cst
537 2577 630 2630 muudi
641 2578 722 2644 plaga
848 2577 879 2626 at

80 2641 180 2701 Oriens
191 2645 334 2712 subactus,
344 2653 392 2700 aut
403 2653 487 2716 quota
498 2653 539 2700 est
550 2647 663 2714 Gorgon
675 2641 749 2694 terat
