2104 3050
137 175 831 206 “mm

240 406 436 472 ACTUS
471 409 710 476 PRIMUS,

352 571 599 624 ultroneus.

112 756 117 770 ι
134 699 210 746 sceno
220 702 275 747 haec
280 703 360 759 prima
370 718 420 750 cutm
430 707 499 751 choro
509 721 532 752 ee
561 715 612 752 ente
622 708 647 752 in
655 709 747 754 Euboea
756 711 872 762 statuitur,

74 759 115 801 ube
129 757 246 810 Hercula,
261 760 285 803 in
300 759 382 805 Cenaeo
396 769 558 817 pronsontorto
576 763 760 820 sacrificaturus,
775 771 832 808 oota
849 768 875 808 de

74 815 156 864 coeio,
197 817 229 858 od
235 815 297 858 rebus
311 817 381 870 gestie
393 817 497 874 meruisse
509 832 532 862 te
542 819 674 874 gloriatur,
687 819 794 877 concipit·
809 820 873 863 Reli·

73 883 136 927 quae
169 870 292 924 regredere
300 884 366 914 scena
375 879 409 917 est
421 870 535 916 Trachine

73 961 172 1043 Sator
182 991 308 1054 deorum,
320 995 395 1045 euius
407 1009 549 1047 excussum
559 1011 643 1047 manu·

73 1056 216 1128 Utraeque
226 1059 332 1113 Phoebi
342 1065 461 1114 sentiunt
471 1063 572 1114 fulmen
583 1065 687 1130 domus,

75 1122 289 1197 Secureregna:
300 1131 575 1198 protulipaeemtibi.
712 1193 717 1200 ¹

76 1199 246 1264 Quocunque
257 1197 362 1248 Nereus
373 1199 476 1266 porrigi
486 1204 574 1250 terras
584 1205 667 1263 vetat,

73 1265 141 1316 Non
154 1273 195 1316 est
205 1267 365 1316 tonandum:
378 1268 473 1333 perfidi
484 1283 563 1334 reges
573 1269 672 1332 iacent,
863 1266 878 1314 5

73 1334 160 1386 Saevi
171 1335 292 1400 matrum
304 1333 446 1402 fregimus,
458 1337 586 1402 quidquid
595 1335 649 1387 tuit

73 1402 142 1453 Tibi
154 1403 355 1452 fulminandum.
391 1401 445 1454 Sed
455 1402 519 1454 mihi
533 1404 650 1468 coelum,
661 1415 772 1471 parens,

72 1469 175 1521 Adhuc
185 1469 316 1538 negaturi
335 1469 420 1524 Parui
429 1478 502 1522 certe
514 1469 578 1522 love

72 1539 186 1606 Ubique
197 1539 306 1607 dignus3
318 1544 399 1608 teque
409 1545 512 1590 testata
523 1545 565 1590 est
573 1553 663 1590 meum

71 1609 190 1659 Patrem
201 1623 326 1658 noverea.
363 1607 434 1670 Quid
444 1614 534 1658 tamen
545 1609 631 1659 nectis
641 1605 749 1658 morosi
843 1606 877 1654 1⁰
961 1617 966 1622 ·

69 1676 213 1743 Numquid
226 1674 368 1726 timemuri
387 1677 514 1744 numquid
524 1677 680 1743 impositum
690 1675 742 1726 sibi

68 1746 96 1797 N
99 1761 138 1796 on
152 1745 254 1812 poterit
263 1744 337 1794 Atlas
348 1743 420 1795 ferre
433 1759 493 1794 eum
503 1745 579 1796 coelo
591 1741 753 1795 Herculem!
792 1741 797 1754 ’

69 1814 150 1876 Quid
162 1818 250 1874 astra,
261 1812 381 1879 genitor,
392 1813 455 1880 quid
465 1811 564 1878 negasi
586 1811 663 1864 Mors
671 1827 713 1864 me
724 1809 777 1868 tibi

67 1886 159 1934 Certe
170 1881 287 1942 remisit3
299 1893 378 1932 omne
389 1883 524 1932 concessit
535 1881 645 1946 ntalem,

68 1949 161 2011 Quod
171 1955 244 1998 terra
253 1948 359 2015 genuit,
370 1954 483 2015 pontus,
494 1963 553 2012 aer,
565 1949 655 2000 inseri.

65 2017 175 2070 Nullus
183 2029 233 2082 per
241 2015 321 2066 urbes
332 2023 405 2067 errat
418 2017 553 2084 Argolicas
563 2017 621 2080 leo;

64 2081 248 2152 Stymphalis
257 2085 312 2133 icta
322 2091 377 2147 est3
388 2085 509 2136 Maenali
518 2085 590 2134 nulla
600 2088 642 2135 est
652 2079 728 2146 ierem¹

63 2153 187 2221 Sparsit
197 2157 331 2218 peremtus
343 2167 452 2204 aureum
464 2167 574 2218 serpens
585 2166 685 2202 neurus.

59 2225 104 2276 Et
116 2220 215 2288 hydra
225 2220 294 2272 vires
303 2223 407 2287 posuit3
420 2227 449 2272 et
458 2227 539 2271 notos
549 2219 647 2270 Hebro

60 2295 182 2343 cruore
193 2290 307 2357 pingues
316 2287 453 2358 hospitum
464 2289 520 2340 todi
526 2301 641 2354 gregem·

59 2359 227 2424 Hostisque
238 2359 311 2410 traxi
321 2359 409 2426 spolia
419 2355 657 2410 Thermodontiae.

59 2427 138 2481 Vidi
151 2426 278 2478 silentum
288 2426 359 2492 iata3
369 2442 420 2479 nee
430 2433 533 2478 tantum
544 2425 615 2487 redi3

58 2496 125 2548 Sed
141 2493 267 2560 trepidus
278 2501 365 2546 atrum
380 2496 525 2547 Cerberum
535 2494 602 2544 vidit
613 2492 678 2556 dies,

55 2570 102 2618 Et
114 2565 170 2614 itte
182 2564 275 2614 solem.
291 2563 386 2616 Nullus
396 2565 514 2614 Antaeus
525 2561 612 2629 Libys

52 2636 201 2688 Minium
212 2633 340 2696 resumit;
354 2633 451 2683 cecidit
463 2636 524 2682 ante
537 2646 597 2682 aras
607 2645 670 2683 suas

654 2695 712 2750 Ἠ
