2086 3048
161 147 209 196 122
363 141 397 194 L.
424 140 583 195 ANNAEI
610 139 805 196 SENECAE

122 282 125 286 -
219 242 460 313 Autverbafingit.
494 244 570 296 Mille
582 259 635 294 nen
646 245 753 311 quaerit
763 245 820 311 tegi

218 315 301 366 Dives
312 315 456 376 columnis,
468 329 518 366 nec
528 313 620 364 trahes
630 313 716 364 multe
726 313 844 366 insolens

219 381 327 450 suffigit
337 398 413 434 auro.
449 383 510 433 Non
521 397 602 432 cruor
612 381 705 448 largus
716 383 775 448 pias

158 451 208 500 5⁰⁰
219 451 336 502 inundat
346 466 422 514 aras,
432 451 510 518 fruge
521 466 571 504 nce
581 451 668 516 sparsi
679 465 759 502 sacra

160 573 162 578 ,
193 527 197 546 ·
219 521 339 570 Centena
348 521 418 572 nivei
431 521 501 572 cella
511 519 674 571 submittunt
685 519 784 580 boves3

218 586 273 639 Sed
284 603 346 640 rure
357 604 443 640 vacuo
455 590 574 656 potitur,
585 593 613 638 et
623 593 719 654 aperto
731 586 842 640 aethere

217 657 352 708 innocuus
363 663 444 708 errat.
482 657 596 708 callidas
607 661 713 706 tantum
723 655 788 707 feris

219 722 356 776 struxisse
366 725 476 776 fraudes
487 727 575 786 norit3
586 730 615 776 et
625 723 712 776 fessus
722 725 799 792 gravi

87 809 90 821 ·
159 792 209 843 505
221 792 344 856 Lubere,
355 795 433 844 niveo
445 809 544 858 cerpus
555 793 632 844 llisso
644 791 728 844 fovet.
836 792 843 802 '

218 859 297 912 Nunc
307 861 351 914 ille
362 863 448 928 ripam
459 863 554 913 celeris
564 859 659 926 Alphei
670 862 750 928 legit3
799 901 806 908 .

217 928 297 981 Nunc
305 931 423 982 nemoris
433 931 480 981 alti
492 931 576 982 densa
585 935 704 980 metatur
714 931 785 994 loce,

218 997 270 1048 Ubi
281 997 373 1049 Lerna
383 1015 451 1064 puro
462 999 553 1066 gelida
562 998 685 1065 perlucet
695 999 780 1063 vad03

218 1063 476 1134 &demque-mutat.
511 1067 565 1118 Hic
576 1081 639 1118 aves
651 1067 780 1134 querulae
791 1065 911 1119 fremunt
938 1073 942 1088 ·

159 1133 209 1185 510
221 1133 352 1201 Ramique
362 1137 449 1188 ventis
459 1137 519 1186 lene
530 1137 652 1200 percussi
663 1141 791 1198 tremunt,

218 1201 388 1270 veteresque
399 1204 463 1270 fagi.
499 1205 570 1254 luvit
580 1209 628 1254 aut
638 1205 724 1254 amnis
735 1204 798 1270 vagi

218 1270 354 1324 Pressisse
364 1273 452 1337 ripas,
464 1271 585 1336 caespite
596 1277 643 1322 aut
652 1271 726 1322 nudo
736 1272 810 1324 leves

157 1331 164 1346 '
217 1338 335 1390 Duxisse
346 1354 469 1402 somnos,
482 1340 538 1389 sive
549 1338 610 1389 fons
620 1339 712 1406 largus
723 1341 793 1392 citas

217 1405 349 1457 Defendit
359 1407 459 1469 undas,
469 1407 525 1458 sive
534 1422 584 1472 per
594 1405 675 1458 flores
686 1423 772 1460 neves

156 1474 208 1525 515
218 1474 350 1542 Fugiente
362 1475 447 1529 dulcis
458 1481 608 1526 murmurat
617 1476 675 1526 rive
686 1491 778 1538 senus,

218 1543 342 1593 Excussa
353 1544 425 1594 silvis
437 1558 519 1610 poma
530 1549 707 1610 compescunt
717 1543 825 1608 samem,

214 1611 253 1661 Et
262 1609 340 1678 fraga
351 1615 440 1678 parvis
451 1613 527 1664 vulsa
539 1612 654 1662 dumetis
666 1613 741 1664 cibes

215 1679 321 1732 Faciles
332 1681 494 1732 ministrant.
529 1681 629 1747 Regius
640 1681 719 1730 luxus
730 1681 825 1746 procul

216 1748 268 1798 Est
276 1749 393 1813 impetus
402 1748 513 1815 fugisse.
549 1746 782 1804 Sollicitcbibant

157 1815 207 1864 52⁰
217 1817 290 1868 Auro
300 1817 515 1884 superbi3quam
525 1817 601 1868 iuvat
611 1817 684 1868 nuda
694 1832 774 1868 manu

216 1885 347 1952 Captesse
357 1885 473 1938 fanteml
488 1887 593 1936 Certior
601 1901 711 1938 somnus
723 1887 821 1952 premit

215 1950 319 2006 Secura
330 1953 398 2006 duro
411 1955 532 2005 membra
541 1961 694 2006 versantem
705 1960 776 2006 tcrc.

215 2019 277 2072 Non
286 2023 313 2072 in
325 2037 437 2074 recessu
447 2021 522 2074 furta
531 2029 561 2074 et
572 2024 688 2074 obscuro
700 2023 841 2088 improbus

132 2098 134 2104 ’
215 2089 329 2149 Quaerit
340 2093 433 2154 cubili,
446 2107 529 2158 seque
539 2092 679 2157 multiplici
689 2091 788 2144 timens

155 2156 205 2206 525
217 2157 306 2208 Domo
317 2161 454 2224 recondit3
466 2159 579 2212 aethera
587 2176 619 2210 ac
629 2160 718 2210 lucem
727 2161 805 2225 petit,

215 2226 252 2275 Et
261 2231 332 2276 teste
344 2229 421 2280 coelo
432 2231 506 2280 vivit.
541 2229 603 2280 Hoc
617 2227 742 2294 equidem
752 2244 816 2281 reor

214 2293 322 2344 Vixisse
333 2297 401 2360 ritu,
412 2299 499 2364 prima
509 2312 577 2364 quos
587 2297 687 2346 mixtos
698 2296 757 2348 deis
863 2318 871 2338 x

213 2361 341 2414 Proiudit
351 2372 436 2416 aetas.
471 2365 566 2418 Nullus
577 2362 617 2414 his
629 2365 749 2416 audiuit

216 2429 321 2482 Coecus
334 2435 440 2500 cupido.
475 2433 570 2484 Nullus
580 2433 608 2481 in
619 2447 716 2499 campo
727 2448 806 2486 sacer
826 2437 830 2447 ‘

154 2495 206 2548 530
218 2496 316 2550 Divisit
326 2515 407 2568 agros
419 2501 521 2552 arbiter
530 2499 637 2566 populls
646 2500 724 2567 lapis.

214 2565 340 2618 Nondum
351 2569 482 2620 secabant
493 2569 620 2621 credulae
632 2576 743 2636 pontum
753 2578 841 2622 rates:

214 2631 586 2705 Suaquisquencratmaria
621 2637 770 2694 Ncnvastc
783 2655 883 2711 aggere
