2070 3060
126 224 843 342 nchuLnson·1nnus.scr.1r1.³2³
932 225 934 232 ’

53 331 122 381 Durn
131 335 223 380 cantus
234 330 358 382 volucres
368 335 476 396 tenete

52 398 144 450 Audito
156 413 263 465 quoque
273 399 375 451 navita

52 465 149 520 Inferni
158 468 223 517 ratis
234 467 359 534 aequoris

52 535 129 590 Nullo
139 535 250 602 remigio
260 537 343 586 venit.
408 560 410 566 v

52 606 121 654 'l'uns
132 605 245 670 priunum
254 602 391 671 Phrygius
401 619 493 660 senex·

51 672 131 722 Undis
141 672 276 722 stantibus
286 675 427 726 immemor

50 737 174 791 Excussit
184 741 305 791 rabidam
315 742 405 805 sitire,

49 809 107 860 Nec
116 811 201 876 pernis
212 807 323 861 adhibet
333 825 452 877 munus3¹

48 877 104 928 Sed
116 892 174 928 curn
183 877 318 945 linqueret
324 879 445 931 lnierus

49 943 171 1028 Orplncus
183 948 303 997 carmina
312 945 441 1001 fundens·

48 1017 87 1066 Et
96 1015 163 1064 rincr
155 1013 241 1082 'lapis
251 1016 400 1081 improbus,

48 1085 88 1133 Et
97 1088 183 1134 uatem
194 1085 284 1149 potuit
293 1099 323 1134 se

50 1153 207 1202 Consumtas
217 1153 316 1202 iterum
346 1167 395 1204 eae

50 1219 342 1286 SupplentEurydices
351 1221 451 1286 eolos;¹

48 1287 105 1339 Sed
114 1287 175 1338 dum
186 1291 297 1356 respicit
306 1291 449 1343 immemor
451 1303 461 1356 ,ἱ

47 1357 107 1408 Nec
118 1357 229 1409 credens
238 1357 290 1409 sibi
299 1359 435 1410 redditam

47 1424 172 1492 Orpheus
183 1427 338 1492 Eurydicen
349 1430 424 1496 sequi
428 1443 435 1492 5

47 1497 149 1547 Cantus
159 1497 280 1562 praemia
290 1497 424 1563 perdidit;

46 1566 125 1626 Quae
133 1570 199 1616 nata
209 1571 251 1616 est
260 1566 371 1628 iterum,
384 1564 464 1633 periti

44 1636 118 1684 Tum
128 1633 258 1685 solamina
265 1635 390 1686 cantibus

45 1705 199 1764 Quaerens,
210 1701 343 1755 flebilibus
352 1703 440 1756 modis

42 1772 124 1822 Haec
135 1769 259 1838 Orpheus
271 1774 369 1824 cecinit
380 1772 483 1827 Getice:

40 1841 136 1907 Leges
146 1841 173 1890 in
185 1838 305 1906 Superos
316 1841 417 1905 datas,

40 1910 83 1959 Et
94 1909 139 1976 qui
149 1914 273 1976 ternpore
286 1910 423 1992 digerens

44 1977 172 2038 Quatucr
182 1979 336 2044 praecipitis
346 1979 416 2033 deur

41 2046 115 2096 Anni
126 2045 258 2112 disposuit
268 2047 365 2100 vices

40 2113 119 2166 Nulli
130 2129 182 2165 non
193 2115 263 2181 avidi
275 2115 349 2168 colus

38 2184 148 2235 Parcas
160 2173 276 2234 stamina
285 2187 419 2236 nectere

40 2251 127 2314 Quod
138 2257 233 2308 natum
244 2259 299 2316 est,
311 2254 413 2318 poterit
423 2265 503 2304 morus

38 2321 111 2372 Vati
124 2321 236 2371 credere
247 2320 367 2372 Thracio

37 2387 178 2439 Devictus
188 2389 266 2440 iubet
275 2390 422 2443 Herculea

39 2457 159 2507 lamiam
169 2457 275 2524 legibus
287 2459 392 2510 obrutis

36 2525 148 2576 Mundo
162 2539 224 2576 curn
234 2529 327 2581 reniet
337 2527 407 2579 dies:
417 2541 420 2548 ·

35 2593 178 2644 Australis
189 2595 267 2660 polus
277 2597 383 2659 obruet,

35 2661 184 2729 Quidquid
195 2677 244 2729 per
254 2663 374 2731 Libyanr
383 2666 463 2727 tacet,

33 2733 74 2780 Et
86 2745 204 2796 sparsus
217 2733 349 2786 Garamas
359 2740 447 2796 tenet3
