2104 3050
329 141 531 196 Tuosusss.
566 143 653 194 AcT.
670 144 705 194 11.
860 147 911 200 193

13 258 16 281 ¹
116 249 178 311 Quo
188 248 266 315 plura
276 247 376 314 possis,
388 246 465 312 plura
475 247 610 312 patienter
619 245 700 300 ieras.

116 317 188 380 Quid
200 315 282 368 caede
294 315 353 366 dira
363 315 467 366 nobiles
478 315 544 366 clari
554 316 630 366 ducis
1028 357 1032 364 .

114 386 260 452 Adspergis
270 381 396 434 umbrosi
415 382 535 435 Nosoere
546 383 598 436 hoo
609 385 723 450 primum
734 383 822 448 deest,
859 387 909 437 260
944 385 947 394 ⁴
1014 425 1029 442 .

115 454 188 517 Quid
197 453 288 505 iacere
299 454 386 502 vietor
394 451 507 514 debeat,
518 455 605 504 victius
615 454 680 518 pati

115 522 244 575 violenta
253 536 332 572 nemo
342 522 457 586 imperia
469 522 602 572 continuit
612 521 671 584 diu;

115 591 261 642 Moderata
272 589 382 652 durant;
393 604 499 656 quoque
510 589 631 640 Fortuna
641 588 720 642 altius

116 661 215 718 Erexit
226 658 257 708 aa
267 657 365 708 levavit
375 655 506 708 humanas
517 673 597 722 opes,

116 729 180 780 Hoc
191 741 220 778 se
231 729 315 793 magis
327 727 493 792 supprimere
504 725 611 778 felicem
622 725 711 790 decet,
753 773 761 792 ,
807 775 811 782 ,
860 727 910 778 26⁵

115 796 269 862 Variusque
280 809 357 845 casus
368 799 499 856 tremere,
511 800 676 846 metuentem
686 796 752 847 deos

115 864 234 916 Nimium
245 861 376 914 faventes.
409 863 511 930 Magna
520 869 656 914 momento
669 863 747 916 obrui

116 931 256 984 Vincentio
269 930 358 982 didici.
385 931 471 982 Troia
479 946 529 982 nos
539 931 655 982 tumidos
666 931 733 982 iacit

117 993 234 1052 Nimium
247 1014 279 1050 ao
289 998 416 1050 feroces?
437 997 546 1050 Stamus
556 997 609 1050 hoo
618 999 707 1064 Danai
717 1001 788 1064 loco,
799 1006 801 1016 '

117 1069 194 1120 Unde
206 1067 252 1118 illa
262 1067 369 1118 cecidit.
403 1067 519 1129 Fateor,
530 1067 673 1136 aliquando
684 1069 818 1136 impotens
861 1071 911 1122 210

118 1137 211 1204 Regno
223 1151 255 1185 ao
267 1136 399 1201 superbus
411 1135 490 1186 altius
501 1143 600 1186 memet
610 1136 672 1200 tuli;

122 1204 175 1255 Sed
185 1203 266 1270 fregit
276 1204 336 1253 illos
347 1205 456 1270 spiritus
467 1201 548 1265 haeo,
563 1219 631 1271 quae
642 1205 707 1255 dare

121 1273 258 1323 Potuisset
269 1271 325 1332 alii,
338 1287 435 1333 causa,
445 1273 585 1330 Fortunae
594 1271 679 1324 favor.

119 1342 163 1390 Tu
173 1355 216 1390 me
227 1339 386 1406 superbum,
397 1341 517 1402 Priame,
528 1346 557 1390 tu
569 1341 692 1392 timidum
703 1339 779 1392 iacis.

120 1411 179 1475 Ego
191 1423 250 1459 esse
262 1407 405 1475 quidquam
415 1415 538 1476 sceptra,
547 1410 598 1458 nisi
608 1423 678 1460 vano
690 1415 782 1476 putem
861 1409 911 1460 275

120 1471 350 1544 Fulgore'teetum
361 1492 473 1539 nonies,
484 1483 512 1528 et
522 1475 590 1528 falso
603 1491 708 1528 comam

121 1545 217 1598 Vinclo
229 1543 387 1595 decentemi
408 1547 492 1596 Casus
502 1543 570 1596 haec
580 1547 668 1611 rapiat
679 1545 781 1608 brevis;

121 1613 180 1664 Nec
193 1613 264 1664 mille
274 1613 367 1662 forsan
378 1613 494 1676 ratibus,
507 1619 554 1664 aut
566 1616 642 1665 annis
653 1613 759 1666 decem·

121 1681 181 1733 Nou
192 1680 314 1732 omuibus
325 1681 446 1733 Fortuna
456 1689 512 1733 tam
521 1682 595 1734 lenta
604 1683 733 1737 imminet

121 1750 254 1817 Equidem
265 1747 373 1800 fatebor
384 1753 463 1816 (pace
474 1750 573 1803 dixisse
583 1749 636 1802 hoe
647 1757 694 1804 tua
863 1753 913 1806 28⁰

120 1820 219 1885 Argiva
229 1817 321 1879 telius,
331 1818 424 1882 liceat)
435 1819 525 1886 adfligi
535 1819 660 1888 Phrygas

121 1887 253 1952 Vinoique
263 1886 349 1950 volui3
359 1903 438 1939 ruere
451 1894 478 1938 et
488 1890 597 1956 aequari
608 1888 667 1940 solo

122 1956 211 2007 Etiam
223 1955 376 2007 arcuissem
413 1955 466 2008 Sed
477 1959 534 2024 regi
545 1957 628 2008 irenis
640 1958 733 2024 nequit

122 2023 159 2073 Et
167 2024 220 2085 ira,
232 2028 259 2073 et
270 2023 367 2074 ardens
377 2021 471 2087 hostis,
483 2031 511 2076 et
520 2027 634 2076 victoria

123 2091 271 2142 Commissa
281 2094 367 2142 noetis
384 2093 520 2160 Quidquid
531 2093 669 2160 indignum
680 2098 728 2142 aut
738 2091 825 2144 iorum
865 2091 915 2140 285

123 2160 252 2226 Cuiquam
263 2159 347 2210 videri
357 2164 461 2226 potuit,
473 2159 526 2212 hoc
537 2161 604 2212 iecit
615 2159 702 2221 dolor,

123 2228 330 2294 'Penebraequm
341 2243 390 2294 per
400 2245 465 2297 quas
476 2230 533 2295 ipse
543 2244 572 2280 se
581 2230 670 2279 irritat
680 2227 765 2292 furor,

123 2295 288 2363 Gladiusque
300 2297 379 2358 felix,
391 2299 467 2348 ouius
476 2296 571 2348 iniecti
585 2297 669 2362 semel
684 2337 691 2346 .

122 2363 226 2416 Veoors
237 2365 320 2416 libido
332 2371 381 2416 eat
418 2365 552 2434 Quidquid
563 2381 672 2418 eversae
683 2369 774 2432 potest

124 2431 270 2498 Superesse
282 2435 396 2496 Troiae,
406 2442 528 2486 maneat:
540 2439 665 2488 exactum
675 2436 741 2486 satis
773 2493 776 2504 ¹
865 2433 915 2485 290

122 2500 275 2552 Poenarum
288 2507 315 2552 et
326 2503 396 2554 ultra
406 2510 454 2555 est.
490 2503 576 2572 Regia
586 2509 616 2554 ut
626 2505 701 2570 virgo
713 2504 839 2568 occidat„

122 2569 294 2636 'l'umuioque
307 2569 405 2622 donum
417 2571 533 2624 deteret
545 2575 648 2624 cineres
659 2574 738 2639 riget,

124 2637 158 2688 Et
168 2637 274 2688 facinus
286 2643 363 2688 atrox
375 2641 465 2692 caedis
476 2648 506 2692 ut
515 2641 649 2694 thalamos
660 2639 774 2692 recenti

184 2703 383 2758 Sausinda.
682 2707 707 2758 N
800 2735 804 2744 =
