2076 3046
121 111 200 196 'ro
277 143 303 178 ν
364 138 829 207 nnnnnnrsnuacaag

227 247 256 298 Si
267 251 379 298 aeterna
388 259 495 310 semper
506 243 569 294 odia
578 244 707 294 mortales
717 251 826 310 gerant,

226 315 284 366 Nec
296 319 409 380 coeptus
420 327 537 379 unquam
549 313 629 362 cedat
640 325 674 362 ex
685 313 780 362 animis
792 310 881 373 furor,

130 414 132 418 -
228 382 281 434 Sed
294 398 370 432 arma
379 380 444 433 felix
454 385 560 442 teneat,
570 380 664 430 infelix
675 385 765 446 paret:

168 452 218 502 365
228 450 301 502 Nihil
310 449 462 517 relinquent
470 447 555 510 bella3
566 454 624 498 tum
633 450 717 498 rastis
729 461 795 516 agor

229 518 370 587 Squalebit
380 518 464 580 arvis;
476 517 585 569 subdita
594 518 674 568 tectis
685 516 745 568 fate

198 601 201 613 ·
226 589 302 638 Altus
313 587 432 653 sepultas
444 586 540 637 obruet
550 590 644 653 gentes
657 585 732 635 cinis.

227 656 328 706 Pacem
339 655 432 706 reduci
442 655 511 704 velle
521 655 617 705 victori
627 653 750 720 expedit,

142 765 144 774 r
229 721 310 775 Victo
322 739 431 775 necesse
443 728 496 774 est:
507 723 645 788 particeps
656 736 740 788 regno
750 737 802 773 ven
875 713 881 754 ⁵

169 793 219 843 310
231 791 373 856 Sociomur¹
381 789 489 842 animis!
501 792 597 858 pignus
607 789 660 840 hoc
671 790 734 842 iidei
744 805 824 856 cape:

231 863 361 928 continge
373 859 508 910 dextram!
520 887 552 896 —
565 858 637 920 Quid
647 861 717 908 truci
726 859 801 909 vultu
813 856 891 927 siiepi

231 943 307 979 nso.
339 930 434 996 Egone
459 933 490 978 ut
509 926 630 996 parentis
652 928 782 993 sanguine
809 925 965 992 adspersam

653 1011 761 1046 uranum
797 1025 809 1040 ι

231 1065 410 1130 Fratrumqus
420 1067 528 1130 gemina
540 1064 624 1116 caede
636 1061 807 1130 contingam?
817 1063 896 1112 Prius
980 1069 986 1076 '

231 1134 379 1198 Extinguet
390 1133 486 1192 Ortus,
498 1130 600 1181 referet
610 1131 730 1180 Occasus
742 1129 813 1180 diem

170 1199 223 1250 ata
232 1201 291 1250 Pax
302 1205 364 1249 ante
375 1199 431 1251 fida
441 1199 545 1250 nivibus
556 1204 584 1248 et
594 1198 708 1248 flammis
719 1199 784 1259 crit,
955 1196 980 1242 ι’

137 1321 143 1333 ,
189 1277 191 1284 ·
230 1269 267 1318 st
277 1267 369 1332 Scylla
381 1265 499 1316 Siculum
509 1268 603 1332 iunget
613 1266 731 1316 Ausonio
742 1265 826 1326 latus3

230 1335 363 1402 Priusquc
373 1335 459 1386 multo
469 1334 573 1384 vicibus
583 1334 693 1384 alternis
704 1332 788 1400 fugax

232 1404 348 1468 Euripus
360 1403 434 1453 unda
443 1403 527 1453 stabit
536 1402 661 1452 Euboica
670 1403 755 1468 piger.

231 1470 342 1524 Patrem
353 1470 499 1532 abstulisti,
510 1485 608 1537 regna,
619 1485 776 1538 gauderes,
787 1471 885 1531 larem,

173 1539 223 1589 380
234 1539 367 1589 Patriam:
387 1539 450 1606 quid
461 1539 533 1590 ultra
543 1537 601 1588 esti
625 1540 685 1589 Una
701 1555 744 1589 res
756 1545 881 1604 superest
890 1537 969 1598 mihi,

231 1608 328 1658 Fratre
339 1617 371 1658 a‘c
382 1613 495 1672 parente
506 1608 607 1666 carior,
620 1622 703 1671 regno
717 1623 749 1658 ac
761 1607 831 1654 lars:

233 1675 331 1725 Odium
341 1675 394 1734 tui,
405 1673 477 1740 quod
488 1686 547 1724 esse
561 1687 620 1722 cum
631 1672 732 1738 populo
744 1669 808 1720 mihi

235 1745 381 1793 commune
393 1741 485 1813 dolept
496 1755 559 1807 pars
569 1745 654 1806 quota
664 1755 697 1790 ex
706 1739 753 1790 illo
764 1753 824 1789 men
836 1738 894 1789 esti

232 1811 380 1862 Dominare
391 1808 521 1860 tumidus!
532 1809 643 1874 spiritus
655 1808 725 1859 altos
736 1807 813 1874 gere!

174 1879 223 1930 ³85
236 1877 364 1946 Sequitur·
373 1879 504 1944 superbos
515 1877 587 1928 uitor·
598 1883 702 1944 atergo
712 1876 788 1926 deus.

232 1947 365 1998 Thebana
374 1948 436 1997 novi
447 1962 538 2014 regna.
574 1946 647 2008 Quid
657 1951 758 1996 matres
768 1945 864 2012 icquar

233 2016 332 2068 Passas
343 2022 372 2067 ct
382 2031 461 2068 ausas
472 2014 591 2068 scelerai
611 2014 675 2082 quid
685 2015 819 2080 geminum
830 2011 922 2074 nefas,

232 2082 400 2152 Mixtumque
411 2100 508 2136 nomen
519 2085 653 2150 coniugis,
663 2085 752 2152 gnati,
763 2079 864 2148 patris?
1014 2127 1016 2166 1

234 2153 305 2212 Quid
320 2153 383 2202 bina
397 2151 512 2203 fratrum
534 2151 639 2204 castrat
663 2151 729 2218 quid
741 2150 854 2200 totidem
870 2147 970 2216 rugosi

176 2219 225 2272 890
236 2220 316 2286 Rigct
326 2220 443 2285 superba
454 2221 576 2272 Tantalis
586 2221 660 2272 luctu
671 2235 781 2286 parepc³

234 2289 410 2355 Moestusque
421 2286 542 2356 Phrygio
555 2295 646 2339 manat
655 2290 682 2338 in
695 2286 788 2352 Sipylo
798 2285 873 2350 lapis.

238 2357 307 2416 Quin
317 2357 388 2422 ipse,
399 2360 506 2406 torvum
517 2358 657 2422 subrigens
670 2355 856 2419 criscampo,

236 2425 329 2489 illyria
340 2423 456 2474 Cadmus
468 2439 552 2491 regna
562 2439 719 2490 permensus
730 2421 808 2489 iuga,

236 2492 346 2559 Longas
358 2492 465 2559 reliquit
475 2494 597 2558 corporis
607 2493 687 2542 tracti
700 2499 785 2541 notas.

123 2579 132 2595 ·
177 2563 226 2612 395
237 2562 315 2610 Haec
330 2567 358 2610 te
373 2565 483 2611 manent
498 2561 629 2626 exempla.
668 2559 829 2618 Dominam,
846 2559 971 2616 minuet,

235 2629 306 2679 Dum
318 2628 398 2698 splitu
408 2631 484 2697 regni
493 2629 552 2682 fata
562 2635 589 2680 te
599 2628 686 2682 uestri
696 2633 801 2680 vocent.
862 2670 864 2674 .
