2076 3046
160 197 193 250 90
334 193 368 246 L.
398 193 552 244 annam
580 191 771 246 SENECAE

219 300 354 366 Unquam,
367 312 416 348 nec
427 299 480 348 ista
490 301 577 348 morte
590 301 732 346 contentus
744 296 756 345 f
770 298 779 312 ⁴

160 370 211 419 rto
222 367 280 420 Nec
291 382 334 417 me
345 365 446 418 redemi
458 371 549 432 parte3
561 365 730 416 membratim
741 365 791 414 tibi

219 436 300 488 Volui
312 435 425 501 perire),
437 433 557 484 debitum
567 433 675 483 tandem
687 433 777 500 exige!
858 449 862 456 ·

220 503 297 554 Nunc
307 503 383 554 solvo
394 517 510 570 poenas3
521 509 586 553 tunc
593 502 645 552 tibi
655 501 766 553 inferias
776 502 846 554 dedi.

221 573 303 634 Ades,
315 577 396 638 atque
409 573 523 622 inertem
534 571 674 622 dexteram
684 571 817 622 introrsus
828 586 938 637 preme,

220 641 361 707 Magisque
372 638 477 707 merge!
498 639 593 690 timida
601 645 660 690 tum
672 654 757 706 parvo
770 645 852 706 caput

161 709 211 759 115
222 708 332 759 Libavit
342 706 452 771 haustu,
463 709 560 776 vixque
571 709 710 774 cupientes
722 709 798 774 sequi

221 777 320 828 Eduxit
331 776 433 827 oculos.
469 777 575 828 Haeret
585 778 667 826 etiam
678 791 748 826 nunc
757 774 823 826 nriiri
843 833 847 838 .

219 845 266 897 llic
277 845 394 906 animus,
405 843 513 907 haeret,
526 860 587 895 cum
598 849 768 896 recusantem
778 859 888 895 manum

220 915 347 964 Pressere
357 913 454 963 vultus.
490 914 589 964 Audies
600 927 706 975 rerum,
719 913 835 979 Oedipe:

219 983 309 1032 Minus
320 982 412 1032 eruisti
424 981 524 1032 lumina
535 982 666 1032 audacter
677 987 736 1042 tua,

160 1052 211 1102 18⁰
224 1051 310 1110 Quam
322 1051 489 1115 praestitisti.
524 1049 603 1100 Nunc
614 1065 724 1099 manum
736 1048 848 1100 cerebro
859 1050 960 1112 indue3
977 1095 982 1099 .

220 1119 280 1168 Hae
291 1123 368 1184 parte
380 1124 494 1170 mortem
506 1133 615 1186 perage,
626 1133 680 1184 qua
691 1119 768 1183 coepi
779 1116 861 1167 mori!

220 1199 296 1237 arr.
325 1185 430 1248 Pauca,
443 1202 459 1238 o
475 1202 574 1254 parens
590 1187 775 1252 magnanime,
787 1187 960 1239 miserandae

649 1269 751 1320 precor

220 1322 255 1374 Ut
263 1321 347 1372 verba
357 1326 437 1372 natae
448 1327 539 1372 mente
549 1320 658 1387 placata
669 1323 771 1372 audian.

218 1389 279 1440 Non
290 1395 318 1440 te
328 1395 360 1440 ut
370 1390 498 1442 reducam
509 1391 608 1440 veteris
618 1391 653 1440 ed
661 1393 784 1456 speeiem
794 1392 905 1456 domus,

160 1457 210 1509 185
219 1459 403 1526 Habitumque
415 1459 490 1525 regni
501 1457 568 1510 flore
579 1459 726 1525 pollentem
736 1460 829 1511 inclito

220 1527 303 1589 Pet03
315 1532 399 1579 estut
409 1528 477 1590 iras,
488 1531 611 1594 tempore
623 1534 670 1578 aut
680 1529 740 1594 ipsa
750 1543 828 1579 mora
848 1547 853 1556 ·

219 1595 348 1657 Fractas,
360 1597 473 1647 remisso
484 1605 596 1661 pectore
608 1610 640 1646 ac
652 1597 758 1662 placido
768 1595 852 1648 ieras.

221 1665 256 1713 Et
266 1662 320 1714 hoc
331 1663 446 1716 decebat
455 1665 561 1716 roboris
572 1665 641 1715 tanti
652 1667 751 1726 virum,

219 1731 280 1782 Non
293 1747 353 1783 esse
364 1733 413 1784 sub
424 1732 532 1796 dolore,
543 1748 594 1784 nec
605 1735 704 1784 victum
716 1733 793 1784 maiis

160 1797 210 1849 190
222 1800 295 1850 Dare
306 1805 392 1868 terga.
427 1800 489 1852 Non
500 1807 554 1864 est,
565 1807 596 1852 ut
604 1807 700 1868 putas,
712 1803 810 1863 virtus,
821 1807 915 1868 pater,

220 1869 329 1918 Timere
339 1869 435 1932 vitam,
447 1869 495 1922 sed
506 1871 582 1921 maiis
593 1871 746 1938 ingentibus

222 1935 353 2000 Obstare,
363 1952 413 1988 nec
423 1951 452 1989 se
464 1945 571 1990 vertere
582 1953 614 1989 ac
626 1945 700 1990 retro
712 1938 786 1989 dare.

221 2004 272 2065 Qui
284 2003 343 2056 fata
352 2006 532 2071 praudeant,
545 2022 577 2058 ac
588 2009 659 2058 vitae
669 2008 743 2058 bona

220 2073 342 2124 Proiecit
352 2080 433 2141 atque
444 2075 572 2138 abscidit,
585 2081 613 2126 et
623 2091 702 2128 casus
713 2090 778 2127 suos

160 2139 210 2190 1⁹5
224 2141 353 2192 Oneravit
362 2144 434 2208 ipse,
445 2145 489 2194 cui
499 2143 550 2194 deo
563 2144 635 2196 nullo
647 2150 689 2195 est
700 2159 781 2210 opus,

218 2210 309 2270 Quare
318 2211 363 2261 ilie
373 2217 487 2262 mortem
499 2213 603 2278 cupiat,
615 2219 663 2262 aut
674 2211 758 2280 quare
769 2210 862 2279 petati
930 2231 934 2244 ·

219 2279 367 2346 Utrumque
378 2280 463 2330 timidi
474 2287 523 2331 est.
559 2281 646 2332 Nemo
659 2283 802 2332 contemsit
812 2283 894 2344 mori,

220 2346 272 2406 Qui
283 2349 449 2414 concupitit3
461 2349 535 2400 cuius
545 2347 619 2400 haud
629 2350 699 2400 ultra
709 2349 780 2402 maia

197 2463 202 2472 ,
218 2415 300 2466 Exire
312 2422 438 2482 possunt,
449 2419 477 2467 in
487 2417 549 2468 loco
561 2423 621 2468 tuto
634 2424 676 2470 est
687 2421 764 2470 situs.

158 2483 209 2534 200
221 2483 351 2544 Quintam
362 2484 474 2535 deorum
485 2487 497 2546 (
502 2486 569 2538 veile
581 2485 642 2552 iac)
653 2488 798 2556 quidquam
809 2492 903 2554 potest

218 2552 297 2603 Malis
307 2554 361 2604 tuis
372 2552 504 2607 adiiceret
525 2556 581 2606 lam
592 2570 642 2606 nec
652 2562 682 2606 tu
692 2562 785 2623 potes,

219 2619 276 2671 Nisi
287 2618 348 2686 hoc,
359 2627 390 2673 ut
400 2637 459 2674 esse
470 2629 497 2675 te
509 2630 587 2691 putes
598 2623 706 2690 dignum
717 2639 791 2676 nece.

218 2687 279 2741 Non
290 2703 333 2754 cs,
343 2695 395 2744 uec
406 2691 461 2744 ulla
472 2699 567 2760 pectus
578 2690 630 2744 boc
642 2693 721 2762 culpa
732 2694 830 2762 attigit
