2104 3050
58 209 62 214 ,
148 147 198 202 161
334 146 367 198 L.
387 141 542 208 ANanil
561 139 753 194 SENECAE

207 263 302 302 carr.
313 246 452 314 Rapienda
461 245 543 296 rebus
552 245 579 296 iu
590 243 667 294 malis
677 242 809 310 praeceps
819 243 865 294 via
873 248 924 294 est.

146 318 197 370 155
206 332 305 370 nuru.
316 319 387 368 litte
397 314 522 369 reflectat
532 312 652 376 coniugis
663 326 761 374 nomeu
772 325 888 362 1111111
970 359 974 364 .

207 399 304 436 cnrr.
316 385 419 437 Decem
428 399 477 450 per
487 395 572 432 annos
586 380 667 429 vidua
681 381 824 458 respiciam
839 377 943 430 virunnl

206 467 224 504 n
231 467 249 504 u
256 467 273 502 r
280 467 306 503 n.
316 453 472 504 Meminisse
483 449 564 502 debes
574 444 676 498 sobolis
686 459 718 496 ex
729 446 775 498 rllo
784 452 859 496 tuse

209 535 305 575 cerr.
316 518 446 585 Equidem
457 522 485 566 et
494 515 598 582 iugales
610 514 680 566 filiae
690 515 800 566 memini
809 513 895 578 faces,

207 591 244 640 Et
253 601 381 656 generum
390 582 527 634 Achillem.
562 583 703 635 Praestitit
714 583 794 634 matri
806 581 899 634 fidem!

147 657 197 708 lto
209 669 309 710 noun.
319 653 443 706 Redemit
453 652 499 702 illa
509 651 602 702 classii
612 649 741 702 immotae
751 665 853 714 moras,

209 719 757 788 Etmariapigrofixalanguoreimpulit.

211 805 306 842 corr.
316 790 396 856 Piget
406 787 546 855 doletque!
565 787 716 854 Tyndaris,
725 787 794 840 coeli
804 802 902 856 genus,

208 859 333 912 Lustrale
344 859 423 912 elasd
436 857 555 910 Doricae
565 857 660 922 peperi
671 855 765 922 eaput!

206 927 330 978 Revolrit
340 927 443 978 enimus
452 925 562 992 virginis
573 923 708 976 thalamos
717 939 804 987 meae,

75 1047 79 1054 f
147 995 198 1052 115
209 996 282 1056 Quos
292 994 336 1046 ille
347 995 442 1064 dignos
452 993 564 1060 Pelopia
573 992 639 1046 fecit
649 993 741 1056 domo,
897 993 899 996 '

140 1121 155 1137 ⁸
208 1064 362 1118 constetit
372 1063 408 1120 ad
418 1077 479 1118 aras
492 1077 539 1114 ore
551 1063 675 1113 sacrifico
686 1067 765 1126 nater

208 1133 296 1194 Quam
306 1129 453 1200 nupsdest
474 1132 588 1182 Horruit
600 1127 714 1181 Calchas
723 1143 791 1185 suat

206 1201 348 1266 Responsa
357 1200 432 1250 vocis
444 1203 472 1250 11
481 1197 640 1248 recedentes
652 1196 738 1250 focos.
751 1215 752 1218 ¹

209 1270 232 1319 0
244 1269 348 1322 scelera
358 1281 464 1332 semper
473 1265 620 1317 sceleribus
630 1267 740 1324 ¹uincems
753 1264 862 1318 domus!

148 1339 199 1392 llll
210 1339 312 1388 cruore
321 1340 417 1388 ventos
426 1335 551 1396 emimus,
560 1332 660 1386 bellum
670 1347 745 1392 neec.

207 1398 308 1456 horn.
321 1401 375 1456 Sed
385 1401 445 1456 vela
454 1403 557 1470 pariter
567 1402 637 1458 nidle
648 1401 773 1456 focerunt
784 1407 868 1454 rates.

210 1485 307 1524 cura.
317 1469 378 1524 Non
389 1479 431 1524 est
440 1471 530 1526 seluta
540 1486 671 1538 prospero
682 1471 776 1528 dude
786 1471 853 1528 (1111

208 1542 297 1592 Eiecit
306 1538 379 1590 Aulis
389 1542 485 1608 impias
495 1547 577 1608 portu
586 1546 670 1594 rates.

210 1607 255 1662 Sic
265 1609 500 1679 auspicatusbella
508 1623 563 1662 non
573 1607 669 1660 melius
677 1607 757 1674 gerit.

148 1677 198 1730 115
209 1679 306 1727 Amore
319 1683 416 1742 ceptae
427 1683 536 1744 captus,
546 1677 674 1728 immotus
684 1691 776 1742 prece.
810 1717 814 1727 ,
857 1721 864 1734 r

210 1742 350 1798 Sminthea
359 1745 446 1798 tenuit
455 1744 541 1810 spolia
552 1743 673 1796 Phoebei
682 1745 764 1807 aenis,

207 1811 309 1866 Ardone
321 1826 415 1866 sacrae
423 1813 533 1882 virginis
542 1813 595 1864 iem
606 1818 663 1864 turn
674 1811 774 1864 hirene.

206 1879 268 1930 Non
277 1879 352 1932 illum
362 1879 478 1934 Achillea
487 1879 563 1934 ilcxit
572 1881 719 1934 indomitus
729 1881 822 1946 minist

208 1947 270 2000 Non
279 1948 338 2012 ille,
350 1947 423 2004 solus
433 1947 490 2004 tata
500 1951 546 2016 qui
555 1949 646 2001 mundi
655 1950 739 2014 videt,

97 2065 100 2074 ,
147 2016 198 2068 1811
209 2018 240 2070 lu
249 2032 299 2070 nos
309 2017 396 2072 fidelis
407 2033 505 2086 augur,
515 2019 542 2070 in
554 2023 647 2085 captas
657 2017 739 2081 levis3

208 2085 269 2138 Non
279 2087 394 2154 populus
405 2101 499 2155 aeger,
511 2091 539 2137 et
549 2086 701 2138 relucentes
711 2087 784 2154 rogi:

206 2157 282 2212 Inter
291 2157 394 2210 ruentis
406 2155 537 2226 Graeciae
548 2161 668 2224 stragem
676 2155 799 2208 donam

209 2223 272 2278 Sine
281 2223 360 2276 hoste
370 2225 458 2278 rictus
467 2229 571 2278 1111111
581 2239 613 2276 ac
623 2222 723 2276 Veneri
734 2227 826 2287 vacat,

208 2289 379 2356 Reparatque
392 2307 510 2357 emores3
521 2307 588 2343 neve
599 2291 723 2344 desertus
732 2291 806 2342 foret

148 2357 199 2410 185
210 2359 232 2408 Α
243 2355 337 2421 pollice
348 2371 465 2424 unquam
475 2361 592 2412 herbera
602 2359 712 2412 coelebs
722 2359 810 2421 tomi,

207 2424 334 2478 dilatem
343 2423 438 2478 Achilli
449 2429 535 2498 diligit
545 2428 721 2494 Lyrnessida,

209 2493 269 2548 Nec
279 2507 375 2558 rapere
385 2494 505 2567 puduite
515 2497 575 2550 sinu
586 2495 772 2550 amisanviri.

194 2561 494 2616 cartusiensem!
515 2563 606 2626 Nunc,
618 2579 717 2618 uorum
727 2561 822 2622 vulnus
837 2575 954 2630 geraris,

208 2631 305 2681 Amore
315 2625 452 2713 i’hrygite
461 2630 532 2686 vatia
540 2632 665 2694 incensus
676 2630 755 2696 furit3
