2104 3050
2 1500 7 1537 l

297 203 450 260 MEDEA.
470 208 574 263 .ACT.
591 209 612 260 l.

62 309 170 362 Primus
180 306 349 375 sceptriferis
361 305 431 360 collo
440 307 612 361 Tonantibus

62 380 171 430 Taurus
180 376 254 430 celso
263 376 336 428 feret
346 382 455 444 tergore
466 377 598 441 omilim
646 375 650 384 “

59 445 196 498 Lucinam
205 445 277 496 nivei
287 443 388 498 femina
398 447 521 512 corporis

61 515 272 580 Intentutoiugo
284 513 384 581 placet.
419 515 470 576 Et,
481 514 571 579 esperl

61 583 160 635 Mortis
170 584 330 650 sanguineos
341 596 410 649 quae
422 580 532 634 cohibet
541 595 646 644 monus,

65 653 142 713 Quae
152 650 200 717 dut
208 648 344 719 belligeris
354 649 467 702 loedere
476 649 612 717 gentibus,
651 675 654 680 ·

62 721 100 771 Et
109 733 194 772 cornu
205 720 305 770 retinet
314 719 397 770 divite
409 719 525 785 copiam,
617 745 620 750 ·

61 788 189 840 Douetur
199 792 294 840 tenero
302 789 393 839 mitior
403 785 502 838 bostis.

61 857 98 908 Et
106 862 151 919 tu,
163 856 209 924 qui
220 854 325 907 facibus
334 856 460 923 legitimis
471 854 545 918 odes,

61 923 180 976 Noctem
190 923 337 976 discutiens
347 925 456 990 auspice
467 923 589 987 dextera,

61 993 124 1044 Huc
134 992 231 1046 incede
241 992 328 1060 modu
338 991 474 1044 morcidus
484 993 570 1055 ebrio,

62 1061 246 1128 Praecingens
256 1075 338 1113 roseo
349 1059 601 1128 temporuvinculol

64 1130 101 1179 Et
112 1135 156 1191 tu,
169 1143 238 1196 quae
249 1130 348 1197 gemini
359 1131 470 1197 praevio
480 1131 611 1196 temporis

65 1196 172 1258 Tarde,
184 1196 275 1260 stella,
286 1198 358 1249 redis
369 1212 477 1264 semper
487 1197 654 1250 amantibuss

65 1265 108 1316 Te
120 1270 222 1316 matres
233 1265 341 1328 aridae,
352 1271 380 1317 te
392 1267 504 1332 cupiunt
512 1279 608 1329 nurus,

64 1333 268 1400 Quamprimum
277 1334 369 1386 radios
379 1349 508 1403 sporgere
518 1335 632 1390 lucidos.

48 1400 53 1408 '
64 1401 156 1453 Vincit
165 1402 301 1468 virgineus
313 1402 396 1454 decor

66 1467 162 1536 Longe
172 1471 318 1536 cecropias
329 1485 425 1535 nurum

66 1537 104 1588 Eli
114 1550 181 1604 quas
192 1537 311 1604 Taygeti
320 1540 391 1606 iugis

66 1605 188 1656 Exercet
196 1606 321 1658 iuvenum
330 1607 422 1670 modo,

65 1673 152 1724 Muris
163 1673 236 1740 quod
246 1681 335 1738 curet,
348 1677 489 1744 oppidum

66 1741 103 1792 Et
132 1755 181 1792 uas
191 1742 291 1794 Aonius
301 1744 385 1806 latex,

65 1756 236 1878 nlpfleosqne
247 1826 326 1864 sacer
335 1812 418 1864 luvet·

67 1878 170 1928 Cedent
180 1881 296 1931 Aesonio
307 1880 380 1943 duci,

66 1944 96 1996 Si
105 1944 195 1997 forma
204 1948 269 1999 velit
279 1948 392 2016 euspici,

66 2013 162 2066 Proles
172 2013 288 2068 fulminis
298 2018 425 2084 improbi,

67 2083 152 2147 Aptut
161 2083 207 2148 qui
217 2085 282 2150 iugo
291 2087 421 2152 tigribus3

67 2149 125 2200 Nec
136 2163 206 2212 nou,
218 2153 263 2218 qui
273 2155 395 2221 tripodas
405 2161 506 2219 movet,

65 2217 164 2269 Frater
173 2219 284 2286 virginis
294 2235 421 2288 asperum

66 2285 153 2338 Cedet
163 2288 278 2340 castore
289 2305 351 2341 cum
361 2306 410 2342 suo

66 2353 166 2408 Pollux
177 2357 312 2409 caestibus
324 2360 420 2426 aptior.

19 2478 26 2496 Ι
66 2419 129 2484 Sic,
140 2424 195 2485 sic,
207 2425 375 2490 Coelicolae,
384 2441 491 2493 precor,

64 2491 166 2543 Vincat
175 2491 275 2545 lomina
286 2497 425 2563 coniuges,

65 2560 115 2612 Vir
125 2559 208 2628 longe
219 2571 328 2629 superet
337 2563 423 2616 riroel

62 2629 144 2682 Haec
155 2644 218 2681 cnm
228 2628 345 2685 ienriueo
356 2634 478 2686 constitit
487 2635 516 2686 iu
526 2632 624 2689 cboro:

64 2697 150 2750 Unius
160 2697 247 2752 iacies
258 2703 393 2766 praenitet
405 2704 535 2758 omnibus.

125 2765 203 2818 Suu.
224 2770 331 2822 Tune.

678 2773 701 2827 P

811 209 868 268 22⁵,

868 279 870 286 ,

827 378 861 432 oo
