2086 3048
247 159 532 214 fflPPOLY'rus.
566 161 654 214 ACT.
673 165 711 218 ll.

85 263 355 330 Ventessequantur.
391 261 486 314 Laeva
495 279 525 314 se
535 261 679 330 pharetrae
687 266 774 318 debit:

80 332 190 384 Hustile
201 331 289 383 vibret
299 331 396 384 dextra
407 329 706 388 Thensliennsnenus.

80 401 160 452 'l'alis
171 399 258 452 severi
270 407 356 450 mater
366 399 510 467 Hippolyti
521 399 580 452 luit.

81 471 193 533 Qualis,
204 469 304 520 relictis
315 469 405 536 frigidi
416 470 492 535 ponti
503 469 603 538 plagis,
829 475 880 526 4⁰0

81 541 150 608 Egit
160 543 299 600 catervas,
310 537 428 590 Atticum
441 539 548 604 pulsans
560 539 657 604 solum,

83 607 210 661 Tanaitis
220 613 268 656 aut
277 605 408 668 Maeotis,
420 613 448 656 et
459 605 531 658 nodo
544 623 637 660 comus

84 678 184 744 coegit
195 677 351 742 emisitque,
362 675 456 726 lunete
466 675 537 728 lutus
558 697 563 704 ·

82 747 216 798 Proteets
225 745 311 812 pte'tat
322 745 384 796 tulis
393 745 421 794 in
431 745 512 796 silves
523 744 609 797 iersr!
701 752 704 761 '

83 827 186 866 suun.
205 812 809 880 Seponequestusrnunleratmiserosdolor;
829 817 879 868 tut
928 853 932 876 ,

8 939 10 950 ¹
84 885 198 951 Agreste
208 883 287 948 plueu
296 883 405 948 virginis
414 897 513 934 numen
522 883 598 936 dese.

8 957 10 1006 i
82 953 189 1020 liegine
198 950 421 1011 nemorum‚soln
431 967 501 1018 quae
510 958 617 1004 montes
627 953 703 1017 eolis,

82 1023 120 1072 Et
130 1035 185 1071 uua
194 1019 259 1070 solis
269 1018 404 1070 mentibus
416 1020 512 1071 coleris
523 1020 583 1083 dee,

83 1091 218 1141 Converte
229 1089 321 1139 tristes
333 1088 451 1138 ominum
461 1089 489 1137 in
498 1089 593 1138 rnelius
601 1085 701 1141 munit

83 1159 106 1210 0
119 1172 220 1224 magna
229 1157 309 1207 silvas
319 1157 391 1206 inter
401 1161 429 1206 et
439 1155 516 1206 lucos
528 1155 588 1216 dee,
829 1157 881 1208 tto

83 1228 244 1292 Clarumque
255 1224 325 1276 coeli
335 1223 409 1275 sidus
419 1230 447 1275 et
456 1225 545 1275 noctis
555 1224 648 1288 decus,
735 1235 738 1242 ⁴

83 1297 165 1346 Cuius
175 1295 279 1345 relucet
288 1292 403 1344 mundus
414 1293 519 1344 alterne
529 1293 599 1357 lnce,

83 1365 190 1416 Hecate
202 1361 345 1424 triformis,
357 1376 399 1424 en,
412 1361 476 1412 edes
488 1365 592 1428 coeptis
603 1361 711 1414 intensi

82 1433 207 1482 Animum
217 1433 350 1498 rigentem
361 1431 445 1482 tristis
455 1431 600 1498 Hippolyti
611 1429 704 1482 deme!

82 1504 180 1552 Amare
191 1499 292 1561 discut,
304 1504 411 1550 mutuos
422 1500 498 1566 ignes
509 1497 589 1561 ieret,
829 1499 880 1551 415

83 1571 139 1620 Det
148 1569 235 1620 facilis
247 1567 339 1618 euresl
359 1568 458 1634 Mitigs
468 1575 563 1632 peetus
574 1567 674 1628 ferumt

84 1639 195 1688 innecte
206 1641 333 1687 mentem.
369 1636 491 1696 Torvus,
502 1649 627 1696 aversus,
637 1634 727 1699 ferox,

86 1707 116 1756 ln
124 1707 185 1756 iura
194 1706 309 1758 Veneris
319 1703 423 1756 redeat.
459 1703 522 1754 llue
532 1705 603 1754 vires
614 1709 676 1756 tuus

85 1774 205 1827 intende.
242 1771 288 1824 Sic
297 1778 326 1824 te
335 1772 417 1823 lucidi
427 1773 517 1822 vultus
527 1771 626 1836 serent,

86 1846 120 1894 lit
130 1843 290 1908 nubesupta
300 1842 426 1892 cornibus
440 1843 513 1908 puris
525 1855 580 1892 ees.
829 1843 881 1894 ltu

86 1911 132 1963 Sic
142 1917 184 1972 te,
201 1917 340 1978 regentem
351 1908 429 1961 irene
439 1912 564 1962 nocturni
575 1907 702 1972 aetheris,

86 1979 237 2032 Detrahere
248 1991 383 2048 nunquam
395 1978 519 2031 Thessali
531 1985 627 2030 cantus
637 1984 747 2046 queunt,

83 2049 232 2115 Nullusque
243 2049 276 2100 de
286 2055 314 2100 te
325 2046 439 2114 gloriam
450 2053 545 2115 paster
555 2047 636 2099 feret.

83 2119 154 2170 Ades
164 2119 303 2180 invocatu3
312 2117 368 2166 iarn
377 2115 452 2167 leves
463 2117 547 2176 retis,
558 2115 623 2166 dee:

84 2189 176 2252 ipsum
185 2187 277 2236 intuor
286 2185 404 2236 solemne
414 2190 589 2237 venerantem
600 2194 717 2244 suerunt,
828 2183 879 2234 ⁴25

85 2255 164 2306 Nullo
174 2254 246 2304 latus
258 2254 413 2304 eomitante.
449 2253 520 2314 Quid
530 2250 654 2302 dubitnsi
671 2249 748 2303 dedit

85 2326 206 2388 Tempus
215 2321 358 2388 locumque
369 2335 462 2372 cesus:
472 2320 602 2373 utendum
611 2320 724 2372 artibus.

83 2389 280 2457 Trepidnmusi
295 2390 378 2441 Haud
389 2397 431 2444 est
441 2390 522 2442 fusile
531 2389 688 2442 mundatum
697 2388 786 2443 seelus

82 2461 202 2526 Audere3
213 2473 306 2513 rurum
315 2460 401 2521 iuste,
411 2461 457 2527 qui
467 2475 546 2527 reges
556 2461 643 2522 timet,

83 2531 224 2599 Depopat3
237 2545 316 2582 omne
326 2527 410 2595 pellet
420 2544 454 2580 ex
465 2531 554 2580 enimn
566 2528 661 2579 deense
826 2526 877 2578 430

83 2601 172 2652 lilnlus
184 2605 227 2652 est
236 2599 358 2650 minister
367 2599 436 2666 regii
443 2598 548 2666 imperii
560 2595 656 2665 pudor.
