2104 3050
179 188 229 238 276
376 180 409 232 L.
427 177 583 232 nn'ninm
601 175 789 230 SENECAE

236 283 360 338 Troades
371 282 482 334 summis
493 282 607 333 timuere
618 282 710 342 muris,

235 351 358 406 Perdidit
367 354 394 401 in
404 349 482 402 malis
493 355 645 402 extremum
654 350 746 411 decus,

175 426 225 475 620
236 417 357 474 Fortiter
367 421 450 470 vinci:

234 491 345 546 Restitit
356 489 431 540 annis
442 487 526 558 Troia
536 486 578 537 bis
589 488 684 554 quinis,

236 560 320 611 Unius
332 558 419 608 noctis
431 557 552 622 peritura
562 554 646 607 furto.

141 673 146 679 .
236 628 361 680 Vidimus
372 625 497 676 simulata
508 624 580 674 dona
590 625 653 676 muli
664 625 826 685 immensae3

236 697 416 761 Danaumque
427 692 511 745 letale
522 708 619 746 munus

178 765 228 817 625
239 764 371 815 Duximus
379 767 474 812 nostra
484 760 588 814 creduli
598 761 708 824 dextra3

237 833 415 897 Tremuitque
426 844 509 896 saepe

237 899 344 951 Limine
353 900 381 948 in
391 899 478 964 primu
488 899 612 965 sonipes,
624 899 747 949 cavernis

237 967 368 1019 Conditus
378 981 458 1033 reges
468 966 622 1034 bellumque
633 972 744 1034 gestans

237 1036 274 1087 Et
283 1035 361 1088 licuit
371 1049 481 1086 versare
492 1034 584 1097 dolos,
595 1041 627 1086 ut
635 1037 688 1102 ipsi

179 1104 230 1156 030
240 1103 352 1158 Fraude
359 1119 410 1155 sua
421 1105 494 1170 capti
504 1103 633 1158 caderent
642 1103 760 1171 Pelasgi.

240 1172 329 1240 Saepe
341 1180 494 1224 commotae
506 1186 622 1224 sonuere
632 1187 758 1238 parmae3

239 1243 420 1306 Tacitumque
431 1254 553 1291 murmur
562 1243 696 1307 percussit
707 1255 787 1292 aures

239 1311 276 1361 Ut
285 1307 396 1360 fremuit
407 1307 477 1359 male
487 1308 602 1360 subdolo
614 1323 713 1374 parens
724 1307 848 1375 Pyrrhus
859 1311 954 1375 Ulyssi.

240 1377 344 1430 Secura
354 1382 442 1430 metus
453 1377 555 1429 Troica
564 1375 650 1443 pubes

180 1445 231 1503 005
242 1446 342 1499 Sacros
354 1445 456 1515 gaudet
465 1452 579 1514 tangere
589 1444 676 1497 funes.

241 1517 313 1568 Hinc
324 1517 454 1582 aequaevi
463 1517 554 1583 gregis
564 1517 714 1580 Astyanax,

241 1585 315 1636 Hinc
324 1584 478 1636 Haemonio
489 1584 625 1650 desponsa
634 1597 713 1651 rogo,

240 1653 353 1704 Ducunt
362 1657 479 1717 turmas3
492 1651 561 1704 baec
570 1651 711 1714 femineas,

240 1721 290 1772 llle
299 1720 399 1772 viriles.
434 1721 534 1772 Festae
545 1726 648 1772 matres

182 1790 233 1842 040
244 1790 347 1841 Votira
356 1788 447 1840 ferunt
456 1803 569 1840 munera
578 1787 659 1852 divim

241 1857 317 1909 Festi
327 1862 420 1924 patres
431 1856 533 1908 adeunt
543 1871 614 1908 aras.

241 1927 316 1978 Unus
327 1929 388 1976 tota
397 1925 487 1978 vultus
496 1927 525 1976 in
535 1925 603 1977 urbe
614 1933 668 1979 est:

242 1996 294 2058 Et,
306 1994 379 2062 quod
389 2008 526 2062 nunquam
536 2000 600 2060 post
610 1996 765 2048 Hectoreos

243 2063 368 2115 Vidimus
378 2064 469 2132 ignes,
479 2063 554 2116 laeta
565 2071 607 2115 est
617 2064 741 2116 Hecabe.

183 2131 234 2183 645
246 2132 318 2195 Quid
327 2147 399 2184 nunc
407 2131 626 2200 primum,dolur
634 2132 738 2197 infelix,
840 2167 853 2192 ,

241 2201 347 2265 Quidve
358 2207 509 2254 extremum
520 2199 620 2254 deflere
629 2201 728 2268 paras?

242 2269 367 2331 Moenia,
378 2269 469 2322 dirum
479 2269 614 2323 fabricata
623 2285 714 2333 manu,

241 2338 462 2390 Dirutancstral

242 2409 283 2458 An
292 2406 395 2474 templa
406 2407 472 2460 deos
483 2423 564 2474 super
576 2413 639 2459 usta
650 2409 731 2460 suasi

185 2475 235 2527 050
245 2474 308 2528 Non
318 2482 399 2528 vacat
408 2478 468 2528 istis
478 2476 620 2528 lacrimare
632 2476 723 2529 malis:

244 2545 722 2612 Te‚magneparens,ilentlliades.
759 2604 763 2612 „

245 2611 322 2676 Vidi,
333 2613 396 2674 vidi,

246 2678 324 2733 Senis
334 2681 362 2732 in
370 2681 464 2748 iugulo
473 2681 557 2735 telum
568 2681 666 2748 Pyrrhi
