2076 3046
171 201 218 249 re
352 197 385 250 n.
414 195 568 272 nunnur
596 195 785 251 sunucnn

232 299 396 366 Prospectus
407 304 501 366 pateat
510 297 591 361 lucis,
603 305 631 350 et
640 297 727 350 invius

230 367 323 418 Limes
334 368 381 418 det
390 366 484 419 faciles
496 367 531 417 ad
542 365 661 434 Superos
671 368 741 419 vias!

98 491 102 494 ,
230 436 350 487 immites
360 435 450 502 potuit
458 434 570 486 flectere
583 436 707 489 cantibus

171 503 221 553 570
234 504 393 554 Umbrarum
402 503 525 555 dominos
536 509 565 556 et
575 517 656 570 prece
671 503 785 571 supplici

166 603 171 611 -
212 570 536 639 ·0rpheus,Eurydicen
546 572 610 622 dum
620 574 720 639 repetit
730 587 814 624 suam.

232 640 308 701 Quae
318 640 398 691 silvas
410 645 438 690 et
449 654 512 692 aves
523 653 643 706 saxaque
653 646 790 702 traxerat,

230 709 293 769 Ars,
304 721 374 774 quae
384 707 549 774 praebuerat
558 707 711 758 fluminibus
717 721 825 770 moras,

230 775 269 824 Ad
281 777 356 826 cuius
367 778 485 826 sonitum
497 777 676 827 constiterant
686 775 773 828 ferae:

171 842 220 892 575
232 843 335 894 Mulcet
346 858 399 894 non
409 844 495 896 solitis
506 845 619 896 vocibus
629 843 748 905 inferos,
852 833 860 856 ⁸

230 912 266 962 Et
276 911 363 964 surdis
374 917 486 964 resonat
497 911 595 964 clarius
605 912 718 963 inlotis.

231 977 340 1030 Deilent
350 979 504 1044 Eurydicen
515 979 660 1031 Threiciae
671 977 770 1030 nurus!
839 1001 842 1006 ·

231 1044 339 1098 Deflent
349 1052 377 1098 et
386 1046 504 1098 lacrimis
514 1048 637 1099 difficiles
649 1047 705 1109 dci,

231 1115 279 1175 Et,
292 1115 338 1180 qui
346 1113 436 1165 fronte
446 1117 524 1166 nimis
537 1117 649 1166 erimina
659 1115 758 1166 tetrica

171 1179 221 1228 580
232 1181 385 1244 Quaerunt,
398 1195 430 1232 ae
441 1185 701 1234 veteresexcutiunt
713 1197 784 1242 reos,

231 1249 339 1300 Flentes
349 1249 504 1314 Eurydicen
514 1251 621 1301 iuridici
631 1251 735 1302 sedent.

231 1315 354 1366 Tandem
364 1319 472 1378 mortis,
484 1319 523 1368 ait
536 1318 724 1381 ,‚Vincinrur,“
736 1315 848 1368 arbiter:

231 1383 347 1444 „Erade
358 1383 394 1435 ad
404 1382 607 1454 Super0s31ege
618 1392 710 1438 tamen
722 1385 798 1435 data:

230 1451 297 1513 „Tu
309 1457 372 1518 post
383 1457 461 1520 terga
470 1455 510 1504 tui
521 1468 605 1520 perge
615 1456 666 1506 riri
677 1467 782 1513 conres3

171 1516 220 1566 585
233 1519 301 1580 „Tu
311 1533 366 1570 non
376 1525 523 1573 antetuanr
531 1524 636 1588 respice
647 1523 802 1588 coniugem,

142 1614 147 1626 κ
230 1587 342 1648 „Quam
354 1601 415 1644 eum
426 1588 501 1640 clara
510 1589 576 1640 deos
587 1589 716 1642 obtulerit
726 1589 798 1650 dies,

229 1651 433 1724 „Spartanique
444 1656 532 1708 aderit
543 1657 624 1708 ianua
634 1659 760 1709 Taenari.
768 1659 785 1686 “

230 1721 296 1774 Odit
304 1737 384 1774 verus
393 1737 470 1774 arnor
479 1739 530 1774 nec
540 1725 644 1789 patitur
653 1739 758 1780 moras:

228 1788 327 1842 Munus
338 1791 402 1850 dum
413 1796 543 1858 properat
553 1805 677 1854 cernere,
688 1790 812 1859 perdidit.

170 1854 220 1906 590
232 1856 310 1919 Quae
320 1859 390 1909 vinci
400 1856 490 1925 potuit
499 1859 576 1926 regia
587 1860 723 1922 cantibus,

229 1925 305 1978 Haec
317 1927 387 1978 vinci
396 1928 497 1992 poterit
508 1927 583 1994 regia
593 1924 702 1980 viribus.

341 2183 510 2250 turus
545 2186 786 2260 rutulus,

432 2320 693 2371 manevus·

172 2465 178 2476 ι
224 2409 300 2458 sozom
321 2407 457 2483 ceterosque·
464 2419 516 2462 deos
530 2425 642 2474 precatur
660 2421 752 2468 verrium
766 2421 883 2476 flamen,
905 2431 970 2483 quod

168 2478 238 2508 smnus
249 2465 365 2514 Cerberum
373 2467 465 2528 dapem
473 2471 688 2522 inviamtraaerrir.

229 2554 271 2647 Ο,
284 2591 351 2644 lucis
363 2591 450 2660 almae
459 2603 552 2650 rector
562 2600 671 2653 etcoeii
681 2601 777 2666 decus,

226 2659 278 2720 Qui
289 2659 393 2714 alterna
403 2677 483 2718 curru
494 2669 583 2734 spatia
594 2667 754 2733 flammifero
765 2671 902 2734 ambiens,
