<?xml version="1.0" encoding="UTF-8"?>
<!DOCTYPE html PUBLIC "-//W3C//DTD XHTML 1.0 Transitional//EN"
    "http://www.w3.org/TR/xhtml1/DTD/xhtml1-transitional.dtd">
<html xmlns="http://www.w3.org/1999/xhtml" xml:lang="en" lang="en">
 <head>
  <title>
</title>
<meta http-equiv="Content-Type" content="text/html;charset=utf-8" />
  <meta name='ocr-system' content='tesseract 3.04.00' />
  <meta name='ocr-capabilities' content='ocr_page ocr_carea ocr_par ocr_line ocrx_word'/>
</head>
<body>
  <div class='ocr_page' id='page_1' title='image "./lannaeisenecaet03senegoog_0284.png"; bbox 0 0 2104 3050; ppageno 0'>
   <div class='ocr_carea' id='block_1_1' title="bbox 177 139 811 227">
    <p class='ocr_par' dir='ltr' id='par_1_1' title="bbox 177 139 811 227">
     <span class='ocr_line' id='line_1_1' title="bbox 177 139 811 227; baseline -0.005 -1"><span class='ocrx_word' id='word_1_1' title='bbox 177 175 226 226; x_wconf 78' lang='lat' dir='ltr'><strong>no</strong></span> <span class='ocrx_word' id='word_1_2' title='bbox 377 170 415 227; x_wconf 79' lang='lat' dir='ltr'><strong>u.</strong></span> <span class='ocrx_word' id='word_1_3' title='bbox 450 139 811 224; x_wconf 72' lang='lat' dir='ltr'><strong>anuaslsunscsn</strong></span> 
     </span>
    </p>
   </div>
   <div class='ocr_carea' id='block_1_2' title="bbox 175 271 1031 2457">
    <p class='ocr_par' dir='ltr' id='par_1_2' title="bbox 175 271 1031 2457">
     <span class='ocr_line' id='line_1_2' title="bbox 175 271 783 335; baseline -0.008 -6"><span class='ocrx_word' id='word_1_4' title='bbox 175 277 225 329; x_wconf 84' lang='grc'><strong>000</strong></span> <span class='ocrx_word' id='word_1_5' title='bbox 236 275 297 327; x_wconf 85' lang='lat' dir='ltr'><strong>Non</strong></span> <span class='ocrx_word' id='word_1_6' title='bbox 309 280 351 328; x_wconf 84' lang='lat' dir='ltr'><strong>est</strong></span> <span class='ocrx_word' id='word_1_7' title='bbox 360 272 491 334; x_wconf 81' lang='lat' dir='ltr'>lacrimis,</span> <span class='ocrx_word' id='word_1_8' title='bbox 502 271 666 334; x_wconf 83' lang='lat' dir='ltr'><strong>Cassandra,</strong></span> <span class='ocrx_word' id='word_1_9' title='bbox 678 272 783 335; x_wconf 86' lang='lat' dir='ltr'><strong>modus,</strong></span> 
     </span>
     <span class='ocr_line' id='line_1_3' title="bbox 236 340 740 410; baseline -0.01 -13"><span class='ocrx_word' id='word_1_10' title='bbox 236 345 307 406; x_wconf 73' lang='lat' dir='ltr'><strong>Quia</strong></span> <span class='ocrx_word' id='word_1_11' title='bbox 317 342 513 410; x_wconf 84' lang='lat' dir='ltr'><strong>quaepatimur</strong></span> <span class='ocrx_word' id='word_1_12' title='bbox 524 342 613 392; x_wconf 73' lang='lat' dir='ltr'><strong>vicere</strong></span> <span class='ocrx_word' id='word_1_13' title='bbox 623 340 740 392; x_wconf 88' lang='lat' dir='ltr'><strong>modum.</strong></span> 
     </span>
     <span class='ocr_line' id='line_1_4' title="bbox 236 409 811 477; baseline -0.005 -14"><span class='ocrx_word' id='word_1_14' title='bbox 236 411 290 464; x_wconf 87' lang='lat' dir='ltr'><strong>Sed</strong></span> <span class='ocrx_word' id='word_1_15' title='bbox 302 427 351 462; x_wconf 89' lang='lat' dir='ltr'><strong>cur</strong></span> <span class='ocrx_word' id='word_1_16' title='bbox 360 415 482 462; x_wconf 87' lang='lat' dir='ltr'><strong>sacratas</strong></span> <span class='ocrx_word' id='word_1_17' title='bbox 493 409 592 477; x_wconf 87' lang='lat' dir='ltr'><strong>deripis</strong></span> <span class='ocrx_word' id='word_1_18' title='bbox 604 411 687 476; x_wconf 87' lang='lat' dir='ltr'><strong>capiti</strong></span> <span class='ocrx_word' id='word_1_19' title='bbox 695 409 811 461; x_wconf 75' lang='lat' dir='ltr'><strong>infulari</strong></span> 
     </span>
     <span class='ocr_line' id='line_1_5' title="bbox 234 476 855 546; baseline -0.002 -15"><span class='ocrx_word' id='word_1_20' title='bbox 234 481 343 532; x_wconf 86' lang='lat' dir='ltr'><strong>Miseris</strong></span> <span class='ocrx_word' id='word_1_21' title='bbox 354 479 484 541; x_wconf 84' lang='lat' dir='ltr'><strong>colendos</strong></span> <span class='ocrx_word' id='word_1_22' title='bbox 494 479 611 530; x_wconf 84' lang='lat' dir='ltr'><strong>araxime</strong></span> <span class='ocrx_word' id='word_1_23' title='bbox 623 476 742 546; x_wconf 89' lang='lat' dir='ltr'><strong>Superos</strong></span> <span class='ocrx_word' id='word_1_24' title='bbox 752 483 855 544; x_wconf 85' lang='lat' dir='ltr'><strong>putem.</strong></span> 
     </span>
     <span class='ocr_line' id='line_1_6' title="bbox 237 548 904 601; baseline -0.003 -1"><span class='ocrx_word' id='word_1_25' title='bbox 237 560 277 600; x_wconf 77' lang='lat' dir='ltr'><strong>ca</strong></span> <span class='ocrx_word' id='word_1_26' title='bbox 284 562 298 600; x_wconf 89' lang='lat' dir='ltr'><strong>s</strong></span> <span class='ocrx_word' id='word_1_27' title='bbox 306 561 329 600; x_wconf 84' lang='lat' dir='ltr'><strong>a.</strong></span> <span class='ocrx_word' id='word_1_28' title='bbox 340 549 439 601; x_wconf 79' lang='lat' dir='ltr'><strong>Vicere</strong></span> <span class='ocrx_word' id='word_1_29' title='bbox 449 552 545 600; x_wconf 83' lang='lat' dir='ltr'><strong>nostm</strong></span> <span class='ocrx_word' id='word_1_30' title='bbox 553 548 607 600; x_wconf 83' lang='lat' dir='ltr'><strong>iam</strong></span> <span class='ocrx_word' id='word_1_31' title='bbox 617 553 706 598; x_wconf 87' lang='lat' dir='ltr'><strong>metus</strong></span> <span class='ocrx_word' id='word_1_32' title='bbox 717 561 810 600; x_wconf 85' lang='lat' dir='ltr'><strong>omnes</strong></span> <span class='ocrx_word' id='word_1_33' title='bbox 820 549 904 598; x_wconf 85' lang='lat' dir='ltr'><strong>mala.</strong></span> 
     </span>
     <span class='ocr_line' id='line_1_7' title="bbox 175 614 814 685; baseline -0.008 -14"><span class='ocrx_word' id='word_1_34' title='bbox 175 617 225 671; x_wconf 77' lang='grc'><strong>605</strong></span> <span class='ocrx_word' id='word_1_35' title='bbox 233 614 369 685; x_wconf 80' lang='lat' dir='ltr'>Equidem</span> <span class='ocrx_word' id='word_1_36' title='bbox 379 631 430 668; x_wconf 89' lang='lat' dir='ltr'><strong>nec</strong></span> <span class='ocrx_word' id='word_1_37' title='bbox 440 615 496 667; x_wconf 89' lang='lat' dir='ltr'><strong>ulla</strong></span> <span class='ocrx_word' id='word_1_38' title='bbox 506 615 617 668; x_wconf 87' lang='lat' dir='ltr'><strong>coelites</strong></span> <span class='ocrx_word' id='word_1_39' title='bbox 628 615 707 682; x_wconf 85' lang='lat' dir='ltr'><strong>placo</strong></span> <span class='ocrx_word' id='word_1_40' title='bbox 718 624 814 682; x_wconf 78' lang='lat' dir='ltr'><strong>prece3</strong></span> 
     </span>
     <span class='ocr_line' id='line_1_8' title="bbox 235 681 891 752; baseline -0.003 -14"><span class='ocrx_word' id='word_1_41' title='bbox 235 685 308 749; x_wconf 86' lang='lat' dir='ltr'><strong>Nec,</strong></span> <span class='ocrx_word' id='word_1_42' title='bbox 318 685 562 748; x_wconf 69' lang='lat' dir='ltr'><strong>sinistrosum,</strong></span> <span class='ocrx_word' id='word_1_43' title='bbox 572 699 626 752; x_wconf 87' lang='lat' dir='ltr'><strong>quo</strong></span> <span class='ocrx_word' id='word_1_44' title='bbox 638 689 769 748; x_wconf 76' lang='lat' dir='ltr'><strong>noceant,</strong></span> <span class='ocrx_word' id='word_1_45' title='bbox 780 681 891 736; x_wconf 82' lang='lat' dir='ltr'><strong>habent.</strong></span> 
     </span>
     <span class='ocr_line' id='line_1_9' title="bbox 234 753 748 819; baseline -0.004 -15"><span class='ocrx_word' id='word_1_46' title='bbox 234 754 357 806; x_wconf 79' lang='lat' dir='ltr'><strong>Fortuna</strong></span> <span class='ocrx_word' id='word_1_47' title='bbox 366 755 437 805; x_wconf 80' lang='lat' dir='ltr'><strong>vires</strong></span> <span class='ocrx_word' id='word_1_48' title='bbox 448 754 509 819; x_wconf 89' lang='lat' dir='ltr'><strong>ipsa</strong></span> <span class='ocrx_word' id='word_1_49' title='bbox 518 753 667 805; x_wconf 86' lang='lat' dir='ltr'><strong>consumsit</strong></span> <span class='ocrx_word' id='word_1_50' title='bbox 677 767 748 804; x_wconf 84' lang='lat' dir='ltr'><strong>suas.</strong></span> 
     </span>
     <span class='ocr_line' id='line_1_10' title="bbox 236 821 952 888; baseline 0 -16"><span class='ocrx_word' id='word_1_51' title='bbox 236 823 313 882; x_wconf 74' lang='lat' dir='ltr'><strong>Quae</strong></span> <span class='ocrx_word' id='word_1_52' title='bbox 325 823 414 888; x_wconf 87' lang='lat' dir='ltr'><strong>patria</strong></span> <span class='ocrx_word' id='word_1_53' title='bbox 424 827 523 884; x_wconf 88' lang='lat' dir='ltr'><strong>restat,</strong></span> <span class='ocrx_word' id='word_1_54' title='bbox 535 822 697 888; x_wconf 86' lang='lat' dir='ltr'><strong>quispater,</strong></span> <span class='ocrx_word' id='word_1_55' title='bbox 709 833 778 888; x_wconf 86' lang='lat' dir='ltr'><strong>quae</strong></span> <span class='ocrx_word' id='word_1_56' title='bbox 787 821 844 872; x_wconf 86' lang='lat' dir='ltr'><strong>iam</strong></span> <span class='ocrx_word' id='word_1_57' title='bbox 854 823 952 874; x_wconf 79' lang='lat' dir='ltr'><strong>sorori</strong></span> 
     </span>
     <span class='ocr_line' id='line_1_11' title="bbox 235 889 884 956; baseline -0.002 -15"><span class='ocrx_word' id='word_1_58' title='bbox 235 889 334 942; x_wconf 79' lang='lat' dir='ltr'><strong>Bibere</strong></span> <span class='ocrx_word' id='word_1_59' title='bbox 345 889 441 940; x_wconf 87' lang='lat' dir='ltr'><strong>tumuli</strong></span> <span class='ocrx_word' id='word_1_60' title='bbox 449 890 608 956; x_wconf 80' lang='lat' dir='ltr'><strong>sanguinem</strong></span> <span class='ocrx_word' id='word_1_61' title='bbox 618 895 699 956; x_wconf 83' lang='lat' dir='ltr'><strong>atque</strong></span> <span class='ocrx_word' id='word_1_62' title='bbox 710 903 774 940; x_wconf 86' lang='lat' dir='ltr'><strong>arae</strong></span> <span class='ocrx_word' id='word_1_63' title='bbox 784 903 884 941; x_wconf 88' lang='lat' dir='ltr'><strong>meum.</strong></span> 
     </span>
     <span class='ocr_line' id='line_1_12' title="bbox 175 955 771 1025; baseline -0.007 -15"><span class='ocrx_word' id='word_1_64' title='bbox 175 959 226 1010; x_wconf 83' lang='lat' dir='ltr'><strong>&#39;loc</strong></span> <span class='ocrx_word' id='word_1_65' title='bbox 237 957 309 1020; x_wconf 78' lang='lat' dir='ltr'><strong>Quid</strong></span> <span class='ocrx_word' id='word_1_66' title='bbox 318 957 363 1009; x_wconf 87' lang='lat' dir='ltr'><strong>illa</strong></span> <span class='ocrx_word' id='word_1_67' title='bbox 372 957 438 1010; x_wconf 83' lang='lat' dir='ltr'><strong>felix</strong></span> <span class='ocrx_word' id='word_1_68' title='bbox 448 957 530 1009; x_wconf 83' lang='lat' dir='ltr'><strong>turba</strong></span> <span class='ocrx_word' id='word_1_69' title='bbox 539 955 654 1009; x_wconf 77' lang='lat' dir='ltr'><strong>fraterni</strong></span> <span class='ocrx_word' id='word_1_70' title='bbox 662 955 771 1025; x_wconf 79' lang='lat' dir='ltr'><strong>gregisl</strong></span> 
     </span>
     <span class='ocr_line' id='line_1_13' title="bbox 235 1023 782 1094; baseline -0.004 -16"><span class='ocrx_word' id='word_1_71' title='bbox 235 1023 377 1078; x_wconf 80' lang='lat' dir='ltr'><strong>Exhausta</strong></span> <span class='ocrx_word' id='word_1_72' title='bbox 387 1025 496 1092; x_wconf 80' lang='lat' dir='ltr'><strong>aenipel</strong></span> <span class='ocrx_word' id='word_1_73' title='bbox 514 1027 590 1094; x_wconf 82' lang='lat' dir='ltr'><strong>regia</strong></span> <span class='ocrx_word' id='word_1_74' title='bbox 601 1027 693 1076; x_wconf 89' lang='lat' dir='ltr'><strong>miseri</strong></span> <span class='ocrx_word' id='word_1_75' title='bbox 703 1040 782 1078; x_wconf 88' lang='lat' dir='ltr'><strong>senes</strong></span> 
     </span>
     <span class='ocr_line' id='line_1_14' title="bbox 236 1092 845 1162; baseline -0.003 -16"><span class='ocrx_word' id='word_1_76' title='bbox 236 1094 335 1147; x_wconf 84' lang='lat' dir='ltr'><strong>Vacua</strong></span> <span class='ocrx_word' id='word_1_77' title='bbox 344 1095 432 1146; x_wconf 80' lang='lat' dir='ltr'><strong>relicti</strong></span> <span class='ocrx_word' id='word_1_78' title='bbox 442 1100 537 1162; x_wconf 87' lang='lat' dir='ltr'><strong>totque</strong></span> <span class='ocrx_word' id='word_1_79' title='bbox 548 1109 598 1160; x_wconf 90' lang='lat' dir='ltr'><strong>per</strong></span> <span class='ocrx_word' id='word_1_80' title='bbox 607 1092 743 1146; x_wconf 78' lang='lat' dir='ltr'><strong>thalamos</strong></span> <span class='ocrx_word' id='word_1_81' title='bbox 753 1093 845 1146; x_wconf 84' lang='lat' dir='ltr'><strong>rideat</strong></span> 
     </span>
     <span class='ocr_line' id='line_1_15' title="bbox 235 1163 845 1216; baseline -0.007 0"><span class='ocrx_word' id='word_1_82' title='bbox 235 1163 352 1216; x_wconf 83' lang='lat' dir='ltr'><strong>Praeter</strong></span> <span class='ocrx_word' id='word_1_83' title='bbox 360 1163 519 1215; x_wconf 44' lang='lat' dir='ltr'><strong>‘Lacaenam</strong></span> <span class='ocrx_word' id='word_1_84' title='bbox 530 1167 635 1214; x_wconf 82' lang='lat' dir='ltr'><strong>ceteras</strong></span> <span class='ocrx_word' id='word_1_85' title='bbox 646 1163 741 1214; x_wconf 87' lang='lat' dir='ltr'><strong>viduas</strong></span> <span class='ocrx_word' id='word_1_86' title='bbox 753 1177 845 1216; x_wconf 86' lang='lat' dir='ltr'><strong>nurus.</strong></span> 
     </span>
     <span class='ocr_line' id='line_1_16' title="bbox 237 1228 881 1298; baseline -0.002 -17"><span class='ocrx_word' id='word_1_87' title='bbox 237 1232 294 1282; x_wconf 87' lang='lat' dir='ltr'><strong>Tot</strong></span> <span class='ocrx_word' id='word_1_88' title='bbox 303 1230 350 1281; x_wconf 88' lang='lat' dir='ltr'><strong>illa</strong></span> <span class='ocrx_word' id='word_1_89' title='bbox 358 1245 453 1298; x_wconf 78' lang='lat' dir='ltr'><strong>regum</strong></span> <span class='ocrx_word' id='word_1_90' title='bbox 463 1237 552 1281; x_wconf 88' lang='lat' dir='ltr'><strong>mater</strong></span> <span class='ocrx_word' id='word_1_91' title='bbox 562 1235 591 1281; x_wconf 85' lang='lat' dir='ltr'><strong>et</strong></span> <span class='ocrx_word' id='word_1_92' title='bbox 599 1231 720 1296; x_wconf 82' lang='lat' dir='ltr'><strong>regimen</strong></span> <span class='ocrx_word' id='word_1_93' title='bbox 729 1228 881 1297; x_wconf 76' lang='lat' dir='ltr'><strong>Phrygum,</strong></span> 
     </span>
     <span class='ocr_line' id='line_1_17' title="bbox 175 1297 878 1366; baseline 0 -16"><span class='ocrx_word' id='word_1_94' title='bbox 175 1297 227 1350; x_wconf 72' lang='lat' dir='ltr'><strong>toi</strong></span> <span class='ocrx_word' id='word_1_95' title='bbox 237 1297 386 1350; x_wconf 80' lang='lat' dir='ltr'><strong>Foecuncla</strong></span> <span class='ocrx_word' id='word_1_96' title='bbox 394 1299 422 1349; x_wconf 86' lang='lat' dir='ltr'><strong>in</strong></span> <span class='ocrx_word' id='word_1_97' title='bbox 431 1299 507 1366; x_wconf 81' lang='lat' dir='ltr'><strong>ignes</strong></span> <span class='ocrx_word' id='word_1_98' title='bbox 518 1297 649 1360; x_wconf 82' lang='lat' dir='ltr'><strong>Hecuba,</strong></span> <span class='ocrx_word' id='word_1_99' title='bbox 659 1297 781 1350; x_wconf 82' lang='lat' dir='ltr'><strong>latorum</strong></span> <span class='ocrx_word' id='word_1_100' title='bbox 791 1313 878 1350; x_wconf 87' lang='lat' dir='ltr'><strong>novas</strong></span> 
     </span>
     <span class='ocr_line' id='line_1_18' title="bbox 236 1363 758 1436; baseline -0.006 -17"><span class='ocrx_word' id='word_1_101' title='bbox 236 1369 360 1434; x_wconf 79' lang='lat' dir='ltr'><strong>Experto</strong></span> <span class='ocrx_word' id='word_1_102' title='bbox 370 1366 459 1436; x_wconf 88' lang='lat' dir='ltr'><strong>leges,</strong></span> <span class='ocrx_word' id='word_1_103' title='bbox 468 1366 557 1418; x_wconf 87' lang='lat' dir='ltr'><strong>induit</strong></span> <span class='ocrx_word' id='word_1_104' title='bbox 567 1366 657 1422; x_wconf 80' lang='lat' dir='ltr'><strong>vrrltus</strong></span> <span class='ocrx_word' id='word_1_105' title='bbox 668 1363 758 1419; x_wconf 83' lang='lat' dir='ltr'><strong>feros:</strong></span> 
     </span>
     <span class='ocr_line' id='line_1_19' title="bbox 238 1435 728 1498; baseline -0.004 -10"><span class='ocrx_word' id='word_1_106' title='bbox 238 1438 319 1488; x_wconf 82' lang='lat' dir='ltr'><strong>circa</strong></span> <span class='ocrx_word' id='word_1_107' title='bbox 328 1437 419 1487; x_wconf 86' lang='lat' dir='ltr'><strong>ruinas</strong></span> <span class='ocrx_word' id='word_1_108' title='bbox 429 1435 526 1487; x_wconf 86' lang='lat' dir='ltr'><strong>rabida</strong></span> <span class='ocrx_word' id='word_1_109' title='bbox 534 1435 644 1488; x_wconf 86' lang='lat' dir='ltr'><strong>latravit</strong></span> <span class='ocrx_word' id='word_1_110' title='bbox 654 1449 728 1498; x_wconf 86' lang='lat' dir='ltr'><strong>suas,</strong></span> 
     </span>
     <span class='ocr_line' id='line_1_20' title="bbox 238 1503 848 1570; baseline 0.003 -16"><span class='ocrx_word' id='word_1_111' title='bbox 238 1504 341 1556; x_wconf 86' lang='lat' dir='ltr'><strong>Troiae</strong></span> <span class='ocrx_word' id='word_1_112' title='bbox 352 1509 504 1570; x_wconf 86' lang='lat' dir='ltr'><strong>superstes,</strong></span> <span class='ocrx_word' id='word_1_113' title='bbox 514 1505 644 1566; x_wconf 87' lang='lat' dir='ltr'><strong>Hectori,</strong></span> <span class='ocrx_word' id='word_1_114' title='bbox 652 1503 777 1566; x_wconf 83' lang='lat' dir='ltr'><strong>Priamo,</strong></span> <span class='ocrx_word' id='word_1_115' title='bbox 788 1505 848 1556; x_wconf 87' lang='lat' dir='ltr'><strong>sibi.</strong></span> 
     </span>
     <span class='ocr_line' id='line_1_21' title="bbox 241 1571 1031 1641; baseline 0.008 -19"><span class='ocrx_word' id='word_1_116' title='bbox 241 1585 341 1622; x_wconf 80' lang='lat' dir='ltr'><strong>cnon.</strong></span> <span class='ocrx_word' id='word_1_117' title='bbox 352 1571 421 1624; x_wconf 86' lang='lat' dir='ltr'><strong>Silet</strong></span> <span class='ocrx_word' id='word_1_118' title='bbox 430 1577 543 1640; x_wconf 87' lang='lat' dir='ltr'><strong>repente</strong></span> <span class='ocrx_word' id='word_1_119' title='bbox 553 1571 694 1635; x_wconf 86' lang='lat' dir='ltr'><strong>Phoebas,</strong></span> <span class='ocrx_word' id='word_1_120' title='bbox 706 1579 735 1626; x_wconf 84' lang='lat' dir='ltr'><strong>et</strong></span> <span class='ocrx_word' id='word_1_121' title='bbox 745 1573 833 1640; x_wconf 88' lang='lat' dir='ltr'><strong>psllor</strong></span> <span class='ocrx_word' id='word_1_122' title='bbox 841 1589 940 1641; x_wconf 83' lang='lat' dir='ltr'><strong>genas,</strong></span> <span class='ocrx_word' id='word_1_123' title='bbox 1030 1587 1031 1616; x_wconf 66' lang='lat' dir='ltr'><strong>l</strong></span> 
     </span>
     <span class='ocr_line' id='line_1_22' title="bbox 177 1639 1031 1708; baseline 0.007 -18"><span class='ocrx_word' id='word_1_124' title='bbox 177 1639 860 1708; x_wconf 76' lang='lat' dir='ltr'><strong>&#39;libereberquetotumpossidetcorpustremor3</strong></span> <span class='ocrx_word' id='word_1_125' title='bbox 1030 1643 1031 1652; x_wconf 53' lang='lat'>³</span> 
     </span>
     <span class='ocr_line' id='line_1_23' title="bbox 238 1706 803 1772; baseline 0 -14"><span class='ocrx_word' id='word_1_126' title='bbox 238 1706 347 1760; x_wconf 84' lang='lat' dir='ltr'><strong>Stetere</strong></span> <span class='ocrx_word' id='word_1_127' title='bbox 357 1709 555 1760; x_wconf 75' lang='lat' dir='ltr'><strong>vittaermollis</strong></span> <span class='ocrx_word' id='word_1_128' title='bbox 565 1707 701 1760; x_wconf 82' lang='lat' dir='ltr'><strong>horrescit</strong></span> <span class='ocrx_word' id='word_1_129' title='bbox 711 1725 803 1772; x_wconf 64' lang='lat' dir='ltr'><strong>coma,</strong></span> 
     </span>
     <span class='ocr_line' id='line_1_24' title="bbox 237 1773 841 1839; baseline -0.002 -12"><span class='ocrx_word' id='word_1_130' title='bbox 237 1773 341 1827; x_wconf 79' lang='lat' dir='ltr'><strong>Anhela</strong></span> <span class='ocrx_word' id='word_1_131' title='bbox 351 1774 436 1826; x_wconf 88' lang='lat' dir='ltr'><strong>corda</strong></span> <span class='ocrx_word' id='word_1_132' title='bbox 445 1789 582 1828; x_wconf 87' lang='lat' dir='ltr'><strong>murmure</strong></span> <span class='ocrx_word' id='word_1_133' title='bbox 592 1775 697 1828; x_wconf 78' lang='lat' dir='ltr'><strong>incluso</strong></span> <span class='ocrx_word' id='word_1_134' title='bbox 708 1773 841 1839; x_wconf 73' lang='lat' dir='ltr'><strong>fremunt,</strong></span> 
     </span>
     <span class='ocr_line' id='line_1_25' title="bbox 237 1843 786 1906; baseline 0.005 -13"><span class='ocrx_word' id='word_1_135' title='bbox 237 1845 346 1894; x_wconf 87' lang='lat' dir='ltr'><strong>incerta</strong></span> <span class='ocrx_word' id='word_1_136' title='bbox 355 1847 453 1894; x_wconf 88' lang='lat' dir='ltr'><strong>nutant</strong></span> <span class='ocrx_word' id='word_1_137' title='bbox 463 1843 579 1906; x_wconf 88' lang='lat' dir='ltr'><strong>lumina,</strong></span> <span class='ocrx_word' id='word_1_138' title='bbox 590 1848 619 1896; x_wconf 84' lang='lat' dir='ltr'><strong>ei</strong></span> <span class='ocrx_word' id='word_1_139' title='bbox 627 1845 700 1896; x_wconf 84' lang='lat' dir='ltr'><strong>versi</strong></span> <span class='ocrx_word' id='word_1_140' title='bbox 711 1849 786 1904; x_wconf 83' lang='lat' dir='ltr'><strong>retro</strong></span> 
     </span>
     <span class='ocr_line' id='line_1_26' title="bbox 238 1911 846 1982; baseline 0 -20"><span class='ocrx_word' id='word_1_141' title='bbox 238 1911 414 1978; x_wconf 85' lang='lat' dir='ltr'><strong>Torquentur</strong></span> <span class='ocrx_word' id='word_1_142' title='bbox 424 1911 509 1976; x_wconf 82' lang='lat' dir='ltr'><strong>oculi3</strong></span> <span class='ocrx_word' id='word_1_143' title='bbox 520 1926 613 1964; x_wconf 86' lang='lat' dir='ltr'><strong>rursus</strong></span> <span class='ocrx_word' id='word_1_144' title='bbox 622 1913 740 1964; x_wconf 82' lang='lat' dir='ltr'><strong>immites</strong></span> <span class='ocrx_word' id='word_1_145' title='bbox 750 1913 846 1982; x_wconf 83' lang='lat' dir='ltr'><strong>rigent.</strong></span> 
     </span>
     <span class='ocr_line' id='line_1_27' title="bbox 178 1977 820 2050; baseline 0.002 -17"><span class='ocrx_word' id='word_1_146' title='bbox 178 1977 320 2034; x_wconf 75' lang='lat' dir='ltr'><strong>‘libNuno</strong></span> <span class='ocrx_word' id='word_1_147' title='bbox 329 1979 404 2032; x_wconf 79' lang='lat' dir='ltr'><strong>levat</strong></span> <span class='ocrx_word' id='word_1_148' title='bbox 413 1979 442 2030; x_wconf 86' lang='lat' dir='ltr'><strong>in</strong></span> <span class='ocrx_word' id='word_1_149' title='bbox 452 1994 532 2032; x_wconf 83' lang='lat' dir='ltr'><strong>aures</strong></span> <span class='ocrx_word' id='word_1_150' title='bbox 545 1979 625 2033; x_wconf 85' lang='lat' dir='ltr'><strong>altior</strong></span> <span class='ocrx_word' id='word_1_151' title='bbox 634 1981 716 2033; x_wconf 91' lang='lat' dir='ltr'><strong>solito</strong></span> <span class='ocrx_word' id='word_1_152' title='bbox 729 1987 820 2050; x_wconf 85' lang='lat' dir='ltr'><strong>caput,</strong></span> 
     </span>
     <span class='ocr_line' id='line_1_28' title="bbox 240 2048 870 2118; baseline 0.003 -18"><span class='ocrx_word' id='word_1_153' title='bbox 240 2048 424 2117; x_wconf 81' lang='lat' dir='ltr'><strong>Graditurque</strong></span> <span class='ocrx_word' id='word_1_154' title='bbox 436 2049 522 2114; x_wconf 82' lang='lat' dir='ltr'><strong>eelsa3</strong></span> <span class='ocrx_word' id='word_1_155' title='bbox 532 2064 603 2102; x_wconf 89' lang='lat' dir='ltr'><strong>nunc</strong></span> <span class='ocrx_word' id='word_1_156' title='bbox 612 2049 779 2104; x_wconf 82' lang='lat' dir='ltr'><strong>reluctantes</strong></span> <span class='ocrx_word' id='word_1_157' title='bbox 789 2057 870 2118; x_wconf 84' lang='lat' dir='ltr'><strong>parat</strong></span> 
     </span>
     <span class='ocr_line' id='line_1_29' title="bbox 239 2115 835 2182; baseline 0.003 -12"><span class='ocrx_word' id='word_1_158' title='bbox 239 2117 373 2171; x_wconf 76' lang='lat' dir='ltr'><strong>Reserate</strong></span> <span class='ocrx_word' id='word_1_159' title='bbox 384 2115 492 2182; x_wconf 84' lang='lat' dir='ltr'><strong>fauces3</strong></span> <span class='ocrx_word' id='word_1_160' title='bbox 503 2117 587 2170; x_wconf 83' lang='lat' dir='ltr'><strong>verba</strong></span> <span class='ocrx_word' id='word_1_161' title='bbox 596 2133 667 2170; x_wconf 85' lang='lat' dir='ltr'><strong>nune</strong></span> <span class='ocrx_word' id='word_1_162' title='bbox 677 2118 752 2172; x_wconf 86' lang='lat' dir='ltr'><strong>cluso</strong></span> <span class='ocrx_word' id='word_1_163' title='bbox 764 2119 835 2172; x_wconf 85' lang='lat' dir='ltr'><strong>male</strong></span> 
     </span>
     <span class='ocr_line' id='line_1_30' title="bbox 240 2185 768 2254; baseline -0.006 -13"><span class='ocrx_word' id='word_1_164' title='bbox 240 2186 365 2242; x_wconf 75' lang='lat' dir='ltr'><strong>Custodit</strong></span> <span class='ocrx_word' id='word_1_165' title='bbox 376 2200 424 2239; x_wconf 90' lang='lat' dir='ltr'><strong>ore</strong></span> <span class='ocrx_word' id='word_1_166' title='bbox 434 2185 548 2240; x_wconf 85' lang='lat' dir='ltr'><strong>Maenas</strong></span> <span class='ocrx_word' id='word_1_167' title='bbox 557 2187 702 2254; x_wconf 84' lang='lat' dir='ltr'><strong>impatiens</strong></span> <span class='ocrx_word' id='word_1_168' title='bbox 715 2186 768 2240; x_wconf 84' lang='lat' dir='ltr'><strong>dei.</strong></span> 
     </span>
     <span class='ocr_line' id='line_1_31' title="bbox 241 2253 907 2318; baseline 0.005 -14"><span class='ocrx_word' id='word_1_169' title='bbox 241 2267 302 2306; x_wconf 73' lang='lat' dir='ltr'><strong>cns</strong></span> <span class='ocrx_word' id='word_1_170' title='bbox 310 2267 333 2305; x_wconf 85' lang='lat' dir='ltr'><strong>s.</strong></span> <span class='ocrx_word' id='word_1_171' title='bbox 345 2255 416 2316; x_wconf 78' lang='lat' dir='ltr'><strong>Quid</strong></span> <span class='ocrx_word' id='word_1_172' title='bbox 424 2269 468 2306; x_wconf 88' lang='lat' dir='ltr'><strong>me</strong></span> <span class='ocrx_word' id='word_1_173' title='bbox 478 2253 578 2308; x_wconf 79' lang='lat' dir='ltr'><strong>luroris</strong></span> <span class='ocrx_word' id='word_1_174' title='bbox 589 2256 701 2307; x_wconf 87' lang='lat' dir='ltr'><strong>incitam</strong></span> <span class='ocrx_word' id='word_1_175' title='bbox 710 2255 825 2309; x_wconf 84' lang='lat' dir='ltr'><strong>stimulis</strong></span> <span class='ocrx_word' id='word_1_176' title='bbox 834 2257 907 2318; x_wconf 85' lang='lat' dir='ltr'><strong>novi,</strong></span> 
     </span>
     <span class='ocr_line' id='line_1_32' title="bbox 179 2321 855 2393; baseline 0.003 -19"><span class='ocrx_word' id='word_1_177' title='bbox 179 2323 231 2374; x_wconf 74' lang='lat' dir='ltr'><strong>‘lib</strong></span> <span class='ocrx_word' id='word_1_178' title='bbox 244 2321 316 2385; x_wconf 78' lang='lat' dir='ltr'><strong>Quid</strong></span> <span class='ocrx_word' id='word_1_179' title='bbox 323 2324 420 2374; x_wconf 86' lang='lat' dir='ltr'><strong>mentis</strong></span> <span class='ocrx_word' id='word_1_180' title='bbox 430 2323 552 2390; x_wconf 81' lang='lat' dir='ltr'><strong>inopem,</strong></span> <span class='ocrx_word' id='word_1_181' title='bbox 563 2339 642 2376; x_wconf 86' lang='lat' dir='ltr'><strong>sacra</strong></span> <span class='ocrx_word' id='word_1_182' title='bbox 652 2323 781 2376; x_wconf 84' lang='lat' dir='ltr'><strong>Parnassi</strong></span> <span class='ocrx_word' id='word_1_183' title='bbox 790 2325 855 2393; x_wconf 81' lang='lat' dir='ltr'><strong>iuga</strong></span> 
     </span>
     <span class='ocr_line' id='line_1_33' title="bbox 238 2389 916 2457; baseline 0.003 -15"><span class='ocrx_word' id='word_1_184' title='bbox 238 2389 362 2457; x_wconf 76' lang='lat' dir='ltr'><strong>Rapitisi</strong></span> <span class='ocrx_word' id='word_1_185' title='bbox 385 2391 508 2456; x_wconf 83' lang='lat' dir='ltr'><strong>Recede,</strong></span> <span class='ocrx_word' id='word_1_186' title='bbox 521 2391 646 2445; x_wconf 85' lang='lat' dir='ltr'><strong>Phoebe:</strong></span> <span class='ocrx_word' id='word_1_187' title='bbox 657 2393 711 2444; x_wconf 90' lang='lat' dir='ltr'><strong>iam</strong></span> <span class='ocrx_word' id='word_1_188' title='bbox 721 2408 776 2446; x_wconf 88' lang='lat' dir='ltr'><strong>non</strong></span> <span class='ocrx_word' id='word_1_189' title='bbox 786 2408 847 2446; x_wconf 87' lang='lat' dir='ltr'><strong>sum</strong></span> <span class='ocrx_word' id='word_1_190' title='bbox 856 2398 916 2445; x_wconf 85' lang='lat' dir='ltr'><strong>tna.</strong></span> 
     </span>
    </p>
   </div>
   <div class='ocr_carea' id='block_1_3' title="bbox 181 2452 915 2736">
    <p class='ocr_par' dir='ltr' id='par_1_3' title="bbox 236 2452 915 2666">
     <span class='ocr_line' id='line_1_34' title="bbox 239 2452 816 2528; baseline 0.003 -18"><span class='ocrx_word' id='word_1_191' title='bbox 239 2459 376 2527; x_wconf 78' lang='lat' dir='ltr'><strong>Extingue</strong></span> <span class='ocrx_word' id='word_1_192' title='bbox 386 2452 508 2513; x_wconf 86' lang='lat' dir='ltr'><strong>flammas</strong></span> <span class='ocrx_word' id='word_1_193' title='bbox 520 2463 627 2528; x_wconf 81' lang='lat' dir='ltr'><strong>pectori</strong></span> <span class='ocrx_word' id='word_1_194' title='bbox 636 2463 732 2514; x_wconf 78' lang='lat' dir='ltr'><strong>infixas</strong></span> <span class='ocrx_word' id='word_1_195' title='bbox 742 2461 816 2514; x_wconf 89' lang='lat' dir='ltr'><strong>meo!</strong></span> 
     </span>
     <span class='ocr_line' id='line_1_35' title="bbox 236 2528 915 2597; baseline 0 -17"><span class='ocrx_word' id='word_1_196' title='bbox 236 2529 291 2580; x_wconf 75' lang='lat' dir='ltr'><strong>(lui</strong></span> <span class='ocrx_word' id='word_1_197' title='bbox 302 2543 373 2580; x_wconf 85' lang='lat' dir='ltr'><strong>nune</strong></span> <span class='ocrx_word' id='word_1_198' title='bbox 383 2543 469 2597; x_wconf 80' lang='lat' dir='ltr'><strong>vagor</strong></span> <span class='ocrx_word' id='word_1_199' title='bbox 479 2529 598 2582; x_wconf 73' lang='lat' dir='ltr'><strong>resanat</strong></span> <span class='ocrx_word' id='word_1_200' title='bbox 618 2531 662 2582; x_wconf 88' lang='lat' dir='ltr'><strong>oui</strong></span> <span class='ocrx_word' id='word_1_201' title='bbox 671 2528 793 2582; x_wconf 88' lang='lat' dir='ltr'><strong>bacchor</strong></span> <span class='ocrx_word' id='word_1_202' title='bbox 803 2529 915 2583; x_wconf 79' lang='lat' dir='ltr'><strong>lurensi</strong></span> 
     </span>
     <span class='ocr_line' id='line_1_36' title="bbox 242 2597 842 2666; baseline 0.005 -19"><span class='ocrx_word' id='word_1_203' title='bbox 242 2597 301 2648; x_wconf 82' lang='lat' dir='ltr'><strong>lam</strong></span> <span class='ocrx_word' id='word_1_204' title='bbox 311 2597 396 2648; x_wconf 89' lang='lat' dir='ltr'><strong>Troia</strong></span> <span class='ocrx_word' id='word_1_205' title='bbox 407 2597 507 2649; x_wconf 86' lang='lat' dir='ltr'><strong>cecidit</strong></span> <span class='ocrx_word' id='word_1_206' title='bbox 516 2597 598 2650; x_wconf 79' lang='lat' dir='ltr'><strong>falsa:</strong></span> <span class='ocrx_word' id='word_1_207' title='bbox 609 2597 673 2666; x_wconf 89' lang='lat' dir='ltr'><strong>quid</strong></span> <span class='ocrx_word' id='word_1_208' title='bbox 682 2603 760 2650; x_wconf 84' lang='lat' dir='ltr'><strong>vates</strong></span> <span class='ocrx_word' id='word_1_209' title='bbox 772 2597 842 2666; x_wconf 78' lang='lat' dir='ltr'><strong>agot</strong></span> 
     </span>
    </p>

    <p class='ocr_par' dir='ltr' id='par_1_4' title="bbox 181 2661 910 2736">
     <span class='ocr_line' id='line_1_37' title="bbox 181 2661 910 2736; baseline 0.012 -25"><span class='ocrx_word' id='word_1_210' title='bbox 181 2661 232 2712; x_wconf 74' lang='lat'><strong>¹125</strong></span> <span class='ocrx_word' id='word_1_211' title='bbox 242 2664 294 2714; x_wconf 86' lang='lat' dir='ltr'><strong>Ubi</strong></span> <span class='ocrx_word' id='word_1_212' title='bbox 306 2663 382 2716; x_wconf 78' lang='lat' dir='ltr'><strong>sumi</strong></span> <span class='ocrx_word' id='word_1_213' title='bbox 401 2665 484 2734; x_wconf 78' lang='lat' dir='ltr'><strong>Fugit</strong></span> <span class='ocrx_word' id='word_1_214' title='bbox 493 2665 540 2719; x_wconf 88' lang='lat' dir='ltr'><strong>lux</strong></span> <span class='ocrx_word' id='word_1_215' title='bbox 550 2667 634 2730; x_wconf 88' lang='lat' dir='ltr'><strong>alma,</strong></span> <span class='ocrx_word' id='word_1_216' title='bbox 646 2671 674 2720; x_wconf 86' lang='lat' dir='ltr'><strong>et</strong></span> <span class='ocrx_word' id='word_1_217' title='bbox 684 2667 813 2721; x_wconf 84' lang='lat' dir='ltr'><strong>obseurat</strong></span> <span class='ocrx_word' id='word_1_218' title='bbox 823 2681 910 2736; x_wconf 81' lang='lat' dir='ltr'><strong>genas</strong></span> 
     </span>
    </p>
   </div>
   <div class='ocr_carea' id='block_1_4' title="bbox 0 0 1062 3050">
    <p class='ocr_par' dir='ltr' id='par_1_5' title="bbox 0 0 1062 3050">
     <span class='ocr_line' id='line_1_38' title="bbox 0 0 1062 3050; baseline 0 0"><span class='ocrx_word' id='word_1_219' title='bbox 0 0 1062 3050; x_wconf 95' lang='lat' dir='ltr'><strong> </strong></span> 
     </span>
    </p>
   </div>
  </div>
 </body>
</html>
