2086 3048
173 156 223 208 160
332 153 366 205 L.
393 151 551 204 ΑΝΝΑΕΙ
578 146 769 204 samuele

232 257 340 310 Hostile
350 254 439 306 valido
450 253 550 304 robore
559 253 675 322 insurgit
683 253 765 316 latur,

231 325 394 393 Septcmque
406 337 488 374 venas
498 321 594 372 tendit.
630 322 688 372 llas
699 336 792 374 omnen
803 327 876 374 retro

171 396 221 448 365
232 393 383 447 Prohibena
392 391 493 444 reverti
503 391 580 442 limes
591 389 713 458 obliquus
724 397 808 442 necat.

231 465 356 528 Mutatur
365 460 500 523 ardeant,
511 459 576 512 aede
587 459 625 510 nil
631 459 742 526 propria
751 461 836 525 iacet;

232 531 286 584 Sed
297 537 361 582 acta
369 535 443 581 retro
456 533 563 582 cuncta.
598 526 660 578 Non
671 529 777 579 animae
788 543 875 596 capax

230 601 262 652 ln
271 604 348 668 parte
360 597 457 650 dextra
466 597 556 663 pulmo
566 597 729 664 sangumem
740 598 827 660 iacet3

231 668 294 721 Non
303 669 381 719 laeva
390 666 480 718 cordia
491 666 581 733 regi03
592 680 646 716 non
656 665 730 716 molli
740 664 844 718 ambitu

173 739 223 790 3¹1⁰
235 738 351 789 Omenta
361 737 474 804 pingues
484 735 581 785 visceri
592 731 743 786 obtendunt
752 735 834 786 rinna.
882 751 886 762 ·

232 805 338 858 Natura
346 819 426 856 versa
437 809 491 867 eet3
501 803 575 854 nulla
583 801 628 852 lex
638 807 717 854 utero
729 809 828 855 manet.
860 865 864 870 Δ

234 873 404 935 scrutemur,
415 871 485 924 unde
495 875 588 924 tantus
598 868 643 922 hic
654 872 725 923 ertia
735 873 817 939 rigor.
935 898 940 906 ·

234 943 315 1006 Quod
324 940 377 993 hoc
389 940 481 994 aelati
502 942 657 1008 Conceptus
667 942 795 1008 innuptae
805 941 892 1004 boris,

235 1011 293 1062 Nec
303 1025 379 1062 more
389 1010 470 1062 solito
482 1011 600 1078 positae,
611 1009 698 1062 alieno
709 1011 736 1060 in
746 1009 807 1061 loco

177 1081 226 1131 315
236 1079 334 1147 Implet
343 1085 491 1145 parentem.
509 1077 633 1131 Membra
643 1095 703 1130 cum
715 1079 817 1147 genitu
827 1086 932 1140 movet3

236 1148 364 1201 Tremulo
376 1149 466 1216 rigore
477 1148 579 1199 debiles
590 1153 665 1200 artua
674 1149 775 1200 micant
780 1166 788 1212 3

236 1217 334 1270 Infecit
344 1223 417 1268 euna
437 1217 533 1268 lividus
543 1217 626 1268 fibras
638 1231 732 1279 cruor3

237 1287 408 1352 'l'entantque
419 1290 512 1351 turpes
523 1285 650 1337 mobilem
660 1286 750 1336 munci
758 1285 879 1352 gradum,
886 1309 898 1316 -
957 1305 960 1318 ·

236 1355 274 1406 Et
282 1355 361 1404 inane
372 1355 459 1420 surgit
469 1367 581 1418 eorpus,
592 1369 626 1405 aa
636 1369 730 1406 sacros
740 1354 808 1420 petit

177 1426 227 1476 380
239 1424 328 1474 Cornu
338 1422 488 1486 ministram
498 1423 605 1474 viscera
614 1422 747 1492 effugiunt
756 1436 875 1484 manum3

237 1490 331 1559 Neque
342 1491 415 1558 ipsa,
426 1503 495 1557 quae
504 1495 532 1542 te
542 1491 659 1558 pepulit,
671 1491 786 1544 armenti
795 1491 884 1558 gravis
911 1525 914 1532 -

236 1556 364 1620 Vexent,
376 1573 550 1626 necunquam
560 1562 902 1626 territireaonantgregea:
933 1577 939 1594 ν

235 1629 362 1694 lmmugit
373 1628 426 1678 aris
436 1627 519 1693 ignia,
531 1634 560 1679 et
570 1628 707 1696 trepident
717 1627 780 1678 loci.

236 1711 276 1747 oa
284 1711 313 1746 n.
333 1696 386 1758 Qui
394 1697 448 1746 iata
458 1697 529 1747 sacri
539 1697 616 1764 signa
626 1696 737 1748 terrifici
746 1695 845 1758 ferant,

157 1766 161 1774 '
176 1765 225 1818 385
236 1765 387 1832 Exprome=
397 1778 480 1816 vocer
491 1778 556 1818 aure
566 1779 621 1816 non
631 1765 726 1816 timida
736 1761 866 1816 hauriam

235 1832 330 1884 Solent
339 1846 466 1898 suprema
475 1833 566 1886 facere
578 1847 689 1888 securos
698 1833 777 1884 mala.

234 1915 301 1954 rra.
320 1900 372 1952 llio
382 1901 527 1964 invidebis,
538 1903 633 1969 quibua
644 1917 723 1969 opem
733 1901 854 1970 quaeris,
865 1902 951 1954 malis.

236 1984 311 2021 orn.
322 1970 456 2032 Memora,
467 1971 699 2037 quoduaumacire
710 1971 856 2023 coelicolae
867 1971 970 2033 volunt,

234 2041 430 2092 contaminarit
440 2053 503 2106 rege
516 2041 573 2108 quia
585 2054 665 2091 caeso
675 2053 779 2092 manus.

175 2109 224 2160 39⁰
236 2123 303 2158 rra.
322 2107 380 2160 Nee
391 2108 447 2158 alta
455 2108 527 2160 coeli
537 2122 605 2176 quae
616 2107 669 2160 levi
679 2123 768 2174 penna
778 2117 880 2173 secant,

233 2177 293 2229 Nec
304 2177 375 2230 libra
383 2177 449 2226 vivis
461 2183 541 2246 rapta
550 2177 706 2243 pectoribus
717 2183 809 2245 potest

234 2247 311 2298 Ciere
322 2260 433 2296 nomen:
445 2245 498 2297 alia
506 2245 637 2298 tentanda
645 2251 687 2298 est
696 2248 748 2298 ria.

231 2315 293 2381 lpae
306 2314 459 2366 evocandus
469 2317 557 2368 noctis
568 2321 695 2368 aeternae
706 2315 804 2382 plagin:

232 2385 353 2436 Emisaus
365 2383 454 2435 Erebo
465 2390 495 2434 ut
506 2383 596 2434 caedis
606 2391 746 2436 auctorem
758 2381 867 2434 iudicet.

173 2451 222 2504 395
234 2451 390 2504 Reseranda
400 2452 492 2514 tellus,
503 2452 574 2502 Ditis
584 2453 754 2520 implacabile

232 2520 337 2573 Numen
347 2519 524 2588 precandum,
535 2521 650 2587 populus
660 2521 780 2574 infernae
792 2517 884 2586 Stygia

232 2591 294 2641 lluc
305 2587 493 2642 extrahendus.
512 2589 584 2642 Ede:
595 2593 639 2644 cui
649 2590 760 2644 mandas
770 2587 892 2642 sacrum!

233 2657 302 2710 Nam
314 2665 355 2721 te,
367 2671 449 2724 penes
461 2673 540 2728 quem
552 2675 656 2714 sumnia
666 2671 812 2728 regnorum
822 2665 879 2720 est,·
890 2656 967 2708 netas
