2086 3048
164 169 212 221 tls
256 168 259 172 ’
343 163 377 217 la.
413 163 568 219 aNNntrt
586 165 778 220 SENECAE

223 269 333 332 Gnatis,
346 267 408 336 quid
419 269 484 335 ipsi,
496 283 565 336 quae
575 275 650 322 tuum
663 285 762 339 magna
770 271 820 324 luit

161 341 211 392 940
224 338 319 390 Scelus
330 339 421 399 ruina,
431 336 515 389 flebili
527 339 631 403 patriae
642 339 733 392 dabisl
751 387 754 397 ,

119 465 122 474 ,
221 407 357 460 Solvendo
368 421 424 458 non
434 422 471 458 es.
507 407 556 457 llla
565 423 633 474 quae
644 408 718 477 leges
729 417 803 462 ratas

221 476 328 529 Natura
337 477 365 526 in
375 490 430 527 une
442 476 524 526 vertit
535 476 691 544 Oedipoda,
702 493 789 531 novos

221 548 383 598 Commenta
392 549 500 612 partus,
512 540 641 611 supplicis
651 547 747 598 eadem
758 551 826 600 meis

221 615 352 667 Neretur.
388 615 489 665 lterum
500 614 604 678 virere,
617 621 698 682 atque
708 617 808 668 iterum
819 621 888 668 meri

161 687 211 738 945
223 685 334 745 Liceat3
345 683 451 735 renasci
461 697 582 748 semper:
592 689 623 733 ut
633 685 715 736 toties
726 701 798 736 nova

221 751 359 820 Supplicia
370 751 480 818 pendas.
517 753 599 803 Utere
610 753 719 821 ingenio
726 790 734 816 ‚
745 754 842 806 miser!

220 822 300 883 Quod
312 836 394 888 saepe
406 821 466 872 lieri
476 835 530 872 non
541 827 646 888 potest,
659 821 707 873 liat
718 823 772 874 diu.

220 889 520 958 Merseligaturlonga
557 891 775 954 Quaeraturvia,

222 963 283 1022 Qua
294 975 344 1010 nec
355 959 468 1026 sepultis
477 960 592 1023 mixtus,
604 966 632 1012 et
641 961 708 1011 vivis
718 965 808 1013 tamen

162 1033 212 1082 950
223 1032 355 1082 Exemtus
367 1043 450 1080 erres.
486 1029 610 1092 Morere,
622 1029 671 1080 sed
682 1030 753 1081 citra
764 1038 868 1096 patrem

222 1099 376 1160 cunctaris,
389 1095 495 1150 animet
515 1095 642 1161 Subitus,
651 1113 699 1162 en,
709 1098 799 1150 vultus
810 1107 907 1168 gravat

222 1167 354 1220 Protusus
363 1167 463 1230 imber,
475 1181 509 1218 ae
519 1169 592 1233 rigat
602 1166 668 1218 lletu
678 1168 776 1235 genas!

222 1237 259 1289 Et
269 1236 334 1288 llere
345 1236 412 1288 satis
423 1234 482 1288 estl
502 1236 644 1288 Hactenus
655 1235 770 1288 tundent
781 1236 867 1290 levem

224 1306 303 1359 Oculi
315 1305 463 1372 liquorem=
473 1303 584 1356 sedibus
595 1305 665 1370 pulsi
676 1307 734 1356 suis

163 1365 213 1428 ⁹55
224 1375 367 1426 Lacrimas
376 1378 533 1440 sequantur.
560 1374 598 1424 lli
607 1375 747 1426 maritales
757 1375 849 1424 statim

223 1442 374 1496 Foliantur
384 1439 489 1493 oeulil“
504 1441 595 1505 Dixit,
607 1448 690 1509 atque
701 1443 744 1493 ira
752 1441 826 1493 furit.

223 1511 326 1564 Ardent
336 1511 456 1563 minaces
466 1511 529 1578 igne
542 1511 698 1562 truculente
708 1527 806 1579 genae,

224 1581 357 1648 Oculique
367 1580 413 1631 rix
423 1594 453 1631 se
464 1579 574 1631 sedibus
585 1581 704 1632 retinent
716 1581 781 1631 suis.

221 1649 383 1712 Violentus,
394 1647 500 1712 audax,
510 1647 615 1710 vultus,
626 1650 729 1711 iratus,
738 1647 818 1700 ferox

164 1721 215 1771 90⁰
225 1719 346 1770 Tantum
356 1718 485 1769 eruentis.
522 1715 647 1778 Gemuit,
659 1721 688 1768 et
699 1716 787 1768 dirum
798 1716 921 1767 fremens

223 1787 322 1839 Manus
332 1788 359 1838 in
371 1799 421 1837 ora
430 1787 521 1837 torsit.
556 1785 590 1836 m
601 1790 698 1836 contra
707 1791 801 1836 truces

225 1857 305 1908 Oculi
315 1859 508 1917 steterunt,et
517 1868 595 1906 suam
604 1855 702 1905 intenti
713 1867 822 1904 manum

224 1925 303 1977 Ultro
314 1925 506 1992 insequuntur3
518 1923 624 1976 vulneri
636 1927 782 1976 occurrunt
792 1935 852 1971 suo.

228 1993 371 2050 Scrutatur
382 1991 478 2044 avidus
488 1992 612 2044 manibus
621 1992 696 2043 uncis
706 1991 821 2040 lumina:

166 2063 216 2116 965
227 2061 328 2115 Radiee
340 2061 375 2114 ab
384 2062 440 2114 lma
449 2057 572 2113 funditus
582 2060 675 2112 nusos
685 2059 766 2112 simul
833 2109 836 2118 ,

226 2132 337 2184 Evolvit
347 2130 438 2183 orbes.
478 2131 584 2183 Haeret
594 2130 620 2181 in
631 2143 718 2180 vacuo
729 2141 837 2187 manus,

227 2203 261 2253 Et
271 2201 326 2252 lixa
337 2201 444 2267 penitis
455 2201 590 2268 unguibus
598 2199 702 2250 lacerat
712 2211 795 2248 eaves

227 2269 285 2320 Alte
296 2284 421 2322 recessus
430 2268 560 2320 luminum
571 2273 599 2320 et
609 2268 703 2320 inanes
714 2267 798 2326 sin-us,

228 2337 373 2406 Saevitque
385 2337 499 2402 lmstra3
510 2337 639 2404 plusque,
651 2349 731 2404 quam
741 2335 808 2385 satis
818 2338 875 2394 est,
887 2331 955 2382 furit

168 2407 218 2459 sm
229 2408 349 2458 Tantum
360 2413 402 2459 est
412 2407 544 2474 periclum
554 2406 631 2457 lucis.
666 2402 773 2456 attollit
782 2405 874 2468 eaput,

230 2478 361 2544 cavisque
369 2475 489 2528 lustrans
499 2474 609 2527 orbibus
620 2473 689 2524 coeli
702 2471 806 2539 plagas,

182 2547 184 2551 ’
229 2544 345 2597 Noctem
355 2547 503 2614 experitur.
539 2541 677 2610 Quidquid
687 2540 792 2593 effossis
803 2538 873 2590 male

230 2613 374 2680 Dependet
388 2613 486 2676 oeulis,
496 2614 611 2680 rumpit,
623 2617 653 2662 et
663 2611 753 2661 vietor
762 2606 829 2659 deas

229 2682 501 2737 consumatomnes:
512 2682 649 2749 „Parcite
661 2678 723 2742 heu,
735 2683 850 2746 patriae,
857 2685 970 2740 precem
