2104 3050
224 161 228 169 “
275 145 554 225 normannos.
589 147 677 222 ror.
696 147 731 222 rr.
863 175 915 228 aas

118 275 217 329 Veniet
225 279 372 340 tyrannus:
381 285 514 338 prospera
524 273 627 324 animos
638 273 760 325 efferunt

117 343 213 396 Effusa
224 343 297 394 eirca
307 341 432 408 pellicum
443 343 627 408 quantorenit
765 345 770 354 “

118 414 213 463 'l'urba
223 409 368 476 adparatu!
389 409 448 460 sola
458 409 507 462 sed
517 411 597 460 turba
607 411 718 473 eminet,
916 463 919 468 ,

119 481 262 545 'l'enetque
273 485 366 543 regem
375 475 477 527 famula
486 479 597 528 veridici
607 479 658 528 dei.
742 493 744 496 ·
867 481 916 532 255

119 549 238 600 Feresne
249 545 359 596 thalami
371 545 444 594 vieta
454 551 608 596 consortem
618 545 674 596 tuis

120 618 155 668 At
165 617 211 666 illa
222 615 304 665 nolet.
339 613 467 664 Ultimum
478 619 520 665 est
532 619 631 680 nuptae
642 615 741 666 malum

119 685 216 736 Palam
226 683 326 734 manta
325 681 476 752 possidens
487 681 575 748 pellex
587 681 704 734 domum.

119 753 179 804 Nee
189 765 275 818 regna
284 751 388 801 socium
397 747 470 801 ferre
480 765 531 801 nec
541 750 638 802 taedae
649 753 746 804 sciunt.

123 835 221 872 cerr.
232 817 372 886 Aegistho,
385 819 449 885 quid
458 833 501 869 me
513 821 846 894 rursusinpreecepsagis‚
868 828 917 880 26⁰

119 890 245 956 lramque
255 887 368 938 flammis
378 887 433 936 iam
443 886 604 938 residentem
615 889 728 940 incitasl

118 957 247 1010 Permisit
257 956 356 1021 aliquid
367 955 455 1006 lictor
464 957 492 1004 in
502 961 596 1021 captas
607 956 673 1006 sibi?

119 1025 182 1078 Non
192 1025 334 1091 coniugem
344 1021 397 1074 hoe
409 1025 557 1090 respicere,
568 1039 622 1073 non
634 1025 867 1082 ronanamnecet.

33 1148 35 1152 ,
119 1095 181 1146 Lex
192 1093 245 1144 alia
255 1093 323 1144 solio
335 1097 389 1154 est,
402 1092 454 1142 alia
464 1092 571 1158 privato
579 1093 607 1142 in
617 1099 689 1144 toro.

120 1159 290 1228 Quid,quod
299 1175 408 1211 severas
419 1159 491 1211 ferre
502 1175 545 1211 me
554 1161 628 1228 leges
638 1164 696 1212 viro
867 1167 918 1219 265

121 1230 184 1282 Non
194 1229 423 1296 maturarimus,
435 1229 521 1294 turpis
532 1229 640 1280 admissi
650 1232 771 1283 memori

119 1300 176 1352 Det
184 1299 229 1350 ille
240 1298 345 1349 veniam
357 1295 451 1360 facile,
464 1298 507 1347 eui
517 1298 596 1348 venia
607 1295 649 1350 e'st
660 1314 736 1366 opus.
764 1343 766 1348 .
962 1350 966 1356 ,

120 1379 285 1419 ssersrrr.
297 1367 339 1416 lta
350 1363 408 1416 estl-
427 1366 528 1432 pacisci
538 1372 660 1417 mutuam
670 1370 776 1420 veniam
787 1368 867 1422 lieet!
991 1421 996 1430 ,

120 1435 220 1502 Ignota
228 1435 278 1484 tibi
288 1439 350 1484 sunt
359 1435 421 1484 iura
431 1448 575 1501 regnorum
585 1433 658 1487 haud
667 1446 747 1492 noia.

120 1503 206 1554 Nobis
216 1501 537 1570 maligniiunices‚aeqni
547 1503 605 1564 sibi,
684 1567 686 1572 ,
868 1507 918 1558 2¹1⁰

73 1629 78 1635 ¹
120 1571 152 1622 ld
164 1586 223 1624 esse
234 1572 310 1638 regni
322 1571 468 1620 maximum
480 1573 575 1638 pignus
586 1577 693 1638 putant,

120 1638 150 1692 Si
162 1639 290 1708 quidquid
302 1639 360 1690 aliis
371 1639 513 1702 nonlicet,
524 1639 588 1692 solis
598 1639 670 1692 licet.

120 1722 218 1760 onrr.
230 1708 338 1776 Ignovit
349 1706 485 1760 Helenae:
495 1709 588 1760 iuncta
597 1709 723 1760 Menelao
734 1709 815 1773 redit,

117 1779 195 1840 Quae
205 1778 345 1843 Europam
357 1781 385 1827 et
393 1777 484 1828 Asiam
493 1777 603 1844 paribus
614 1777 718 1828 adllixit
727 1778 813 1829 malis.

117 1859 285 1904 nsorsrrr.
302 1843 356 1896 Sed
367 1845 560 1898 nunnntriden
570 1861 669 1898 venere
680 1845 781 1898 furtiva
797 1847 857 1899 abs·
900 1913 915 1967 ⁵

671 1914 745 1976 tulit,
864 1916 898 1966 27

119 1981 179 2034 Nee
188 1983 260 2050 cepit
271 1982 388 2033 aninum
400 1981 507 2050 coniugi
519 1981 680 2034 obstrictum
689 1997 763 2034 suae.

119 2051 177 2102 lam
188 2052 288 2102 crimen
298 2051 342 2103 ille
355 2051 474 2118 quaerit,
486 2056 514 2101 el
524 2066 620 2103 causas
632 2056 711 2116 paret

118 2119 163 2170 Nil
174 2133 234 2170 esse
245 2118 326 2170 erede
334 2125 417 2186 turpe·
426 2119 597 2170 commissum
608 2119 670 2168 tibi:

116 2187 192 2248 Quid
203 2185 318 2239 honesta
326 2188 439 2253 prodest
449 2189 518 2250 vita,
529 2186 632 2254 flagitio
642 2185 752 2247 racana,

117 2257 169 2307 Ubi
180 2255 305 2307 dominus
316 2255 389 2307 editi
409 2257 454 2308 Fit
463 2269 564 2308 nocens
572 2273 580 2316 ς
589 2271 644 2306 non
655 2255 796 2322 quaeritur
865 2255 916 2306 28⁰

119 2323 281 2391 Spartamne
292 2330 401 2390 repetes
411 2330 504 2392 spreta
514 2329 541 2376 et
551 2325 673 2374 Eurotan
684 2327 760 2375 tumn

117 2392 277 2461 Patriasque
288 2393 367 2445 sedes
378 2391 510 2462 profugal
532 2392 594 2444 Non
605 2391 670 2444 dant
680 2392 783 2444 exitum

117 2459 240 2527 Repudia
249 2475 353 2528 regum.
389 2459 442 2528 Spe
452 2467 555 2512 metum
565 2459 634 2512 inlsa
643 2461 726 2511 levas

120 2542 217 2581 corr.
233 2529 342 2582 Delicta
351 2531 426 2581 norit
436 2545 515 2582 nemo
526 2531 577 2582 nisi
588 2529 657 2580 lidus
668 2543 737 2578 mea.

116 2611 282 2650 anorsnrr.
297 2597 360 2650 Non
369 2594 850 2667 intratunquamregmmlimenides.
864 2595 915 2648 285

117 2681 214 2720 carr.
228 2669 332 2738 Opibus
342 2669 481 2732 merebor,
492 2675 523 2720 ut
533 2667 614 2720 fidem
625 2667 712 2734 pretio
725 2663 850 2731 obligem.
