2076 3046
249 161 484 216 THYESTES.
510 167 596 218 ACT.
615 169 649 219 ΙΙ.
811 169 847 222 59

51 272 138 322 Pater
149 273 199 320 est.
216 267 349 318 Eamn-
360 265 451 318 Multa
459 265 508 318 sod
517 269 638 334 trepidus
647 269 717 324 soiet
797 271 847 322 330

50 337 190 403 Detegere
201 334 303 398 vultus;
315 349 413 402 magna
423 333 559 386 nolentem
570 351 675 404 quoque

52 405 172 457 Consilia
181 403 312 469 produnt:
322 403 459 466 nesciant,
469 410 587 472 quantae
597 405 638 457 rai

51 475 133 528 Fiant
142 473 266 522 ministri.
284 471 386 522 Nostra
395 477 426 522 tu
437 477 537 538 coepta
547 472 664 524 menies.

54 555 124 592 ssu.
143 539 226 591 Haud
236 554 296 590 sum
307 539 469 592 monendus:
480 541 536 591 ista
543 546 639 592 nostro
649 542 678 590 in
687 547 798 606 pectore

53 609 132 662 Fides
142 607 347 674 timorque‚sed
358 609 444 674 magis
455 607 564 660 claudat
573 609 649 663 fidas
795 609 846 660 8³5

358 771 535 825 QHORUS.

87 871 109 914 A
119 870 216 915 dissidiis
252 875 335 920 amum,
345 869 384 926 qm'
392 883 422 913 aa
432 877 520 928 tempus
528 873 603 918 ssss'ssm
613 880 760 932 campumt,
769 881 845 918 nant·

53 926 182 992 secusiam,
220 927 291 969 torus
298 938 375 978 regum
384 925 530 972 ambitionem
547 935 627 982 taxat,
646 929 696 988 quis
705 943 756 974 vm
765 942 806 974 res
815 929 845 972 sit

52 985 125 1034 docet,
135 988 210 1026 uuam
219 981 313 1038 denique
321 981 428 1052 latmiem
438 985 563 1028 collaudat.

51 1071 175 1124 Tandem
187 1073 263 1139 regia
273 1071 383 1134 nobilis,

49 1141 160 1208 Antiqui
171 1155 255 1208 genus
267 1138 372 1202 Inachi,

48 1209 180 1260 Fratrum
190 1209 342 1275 composuit
351 1209 444 1260 minas.

50 1277 119 1338 Quis
131 1291 181 1326 vos
190 1277 312 1342 exagitat
322 1275 411 1341 furor,

48 1345 167 1395 Alter-nis
179 1344 243 1395 dare
255 1345 411 1410 sanguinem

48 1413 86 1463 Et
96 1418 236 1478 sceptrum
246 1412 349 1464 sceiere
360 1412 487 1481 adgradii

48 1480 183 1542 Nescitis,
195 1479 283 1546 cupidi
294 1481 410 1542 arcium,

47 1549 173 1616 Regnum
184 1564 236 1615 quo
246 1550 336 1600 iaceat
344 1548 414 1599 loco.

46 1618 152 1685 Regem
163 1631 216 1667 non
228 1615 332 1666 iaciunt
343 1631 421 1682 opes,

46 1685 111 1736 Non
122 1687 204 1737 vestis
215 1685 318 1750 'l'yriaa
330 1683 417 1744 color,

46 1753 111 1805 Non
123 1753 218 1804 frontis
229 1758 295 1802 nota
305 1753 411 1819 regiae,

45 1821 110 1872 Non
122 1836 189 1872 auro
199 1821 300 1872 nitidae
311 1819 397 1872 iores:

45 1891 106 1941 Rex
117 1897 172 1951 est,
184 1891 229 1956 qui
239 1889 330 1956 posuit
340 1895 429 1939 metus

45 1960 84 2010 Et
95 1958 147 2008 diri
156 1957 228 2008 mala
238 1958 371 2023 pectoris,

48 2029 138 2089 Quem
148 2040 202 2076 nun
214 2025 325 2077 ambitio
336 2026 470 2090 impotens
574 2060 577 2064 -

15 2121 21 2126 -
45 2097 84 2147 Et
93 2109 232 2161 nunquam
241 2093 344 2144 stabilis
354 2091 432 2142 favor

45 2163 130 2230 Vulgi
141 2162 298 2228 praecipitis
309 2168 412 2220 movet,

45 2231 111 2284 Non
122 2230 233 2298 quiquid
241 2229 311 2280 fodit
321 2229 468 2288 occidens,

45 2303 100 2350 Aut
110 2299 185 2350 unda
195 2299 288 2364 Tagus
299 2310 381 2348 aurea

48 2370 130 2419 Claro
142 2364 253 2418 devehit
264 2365 353 2427 alreo;

47 2437 110 2488 Non
122 2434 252 2503 qurdqmd
263 2433 375 2500 Lrbycrs
385 2433 450 2484 terit

48 2505 169 2557 Feruens
179 2517 246 2554 area
255 2501 401 2565 messibus3

50 2577 137 2636 Quam
149 2587 204 2624 non
215 2570 352 2623 concutiet
362 2568 461 2621 cadens

50 2643 158 2710 Obliqui
167 2641 213 2692 via
222 2638 352 2701 fulminis,
