2070 3060
144 173 196 226 sao
251 127 256 134 ¹
351 169 385 220 u.
422 127 786 223 nunnii'sanacnn

162 275 167 288 “
223 275 286 336 Vel,
298 275 322 324 si
331 266 580 339 piget,·manusque
592 269 827 327 detrectatnetas:

221 343 323 396 Emitte
335 339 539 392 Siculomertiee
550 338 689 400 ardentes,
696 345 787 405 pates,

142 416 210 466 1310
222 415 336 464 Titanas
347 411 375 460 in
386 425 444 471 me,
456 410 592 476 quimanu
603 407 718 458 Pindum
729 407 829 469 lerant,

221 483 327 543 Autte,
339 479 423 540 Ossa,
435 478 480 544 qui
491 492 534 528 me
547 474 954 542 monteproiectooppiimant!

219 551 372 614 Abrumpat
381 547 464 598 Erebi
474 546 606 608 claustra,
618 560 661 596 me
671 546 767 598 stsicto
782 551 861 610 petat

224 615 431 670 Bellonassferro.
457 615 538 666 Mitte
551 614 698 666 Gradivum
709 612 826 680 truceml

224 689 350 738 Armetur
357 685 388 734 in
398 697 440 734 me
451 683 537 734 diruat
550 689 592 735 est
602 682 687 736 frater
697 683 814 750 quidem.

146 756 213 808 1315
226 755 280 808 Sed
292 768 326 806 ex
336 766 463 807 noverea.
499 753 544 802 Tu
555 767 661 819 quoque
672 749 781 802 Alcidae
788 763 870 804 soror

225 825 345 874 'l'antum
356 835 389 873 ex
399 826 512 886 parente
519 857 526 884 ,
534 821 716 887 cuspidem-in
725 819 837 872 fratrem
847 825 933 870 tuum

222 891 363 953 lucidare,
374 888 476 942 Pallas!
498 888 639 956 Supplices
649 889 732 942 tendo
743 904 838 940 nianus

224 960 265 1012 Ad
275 965 316 1022 te,
328 973 459 1009 noverca:
472 974 570 1026 sparge
582 963 613 1010 tu
623 958 733 1018 saltem,
745 971 851 1024 precor,

226 1027 336 1080 Telum!
357 1029 446 1094 perire
457 1025 573 1078 feminae
583 1041 695 1094 possum
703 1041 793 1077 manu.

148 1097 217 1150 132⁰
227 1097 286 1148 lam
296 1095 398 1158 fracta,
408 1097 463 1145 iam
473 1097 586 1156 satiata,
598 1095 660 1162 quid
672 1095 762 1162 pascis
771 1093 878 1145 minas-3

228 1165 300 1228 Quid
330 1165 418 1214 uaeris
429 1162 516 1214 ulteal
536 1160 691 1230 Supplicem
701 1163 811 1216 Alciden
819 1163 909 1216 nidos-

228 1235 264 1284 Et
274 1181 348 1284 nulla
358 1232 451 1294 tellus,
462 1232 534 1282 nulla
543 1246 586 1283 me
599 1231 665 1281 vidit
675 1230 735 1283 fera
844 1289 847 1294 Δ

230 1303 272 1352 Te
283 1301 489 1370 deprecantem
500 1316 571 1352 nunc
581 1297 647 1350 mihi
657 1301 729 1350 irata
740 1299 848 1367 quidem

229 1370 305 1436 Opus
315 1374 358 1422 est
369 1382 496 1421 noverca.
524 1368 609 1420 ¹Nune
616 1374 681 1420 tuus
693 1375 783 1420 cessat
793 1367 890 1420 dolor!

152 1437 219 1492 1325
230 1438 309 1490 Nunc
320 1438 383 1489 odia
393 1436 490 1506 ponis?
510 1438 599 1504 parcis
605 1472 613 1500 ,
623 1437 671 1488 ubi
681 1443 774 1488 votum
785 1443 827 1488 est
837 1437 927 1488 mori!

231 1509 254 1558 0
266 1512 341 1558 terra
351 1511 380 1558 et
390 1507 485 1569 urbes,
495 1521 551 1557 non
562 1505 651 1557 lacem
679 1507 802 1573 uinquam
813 1506 939 1567 Herculi,

228 1573 494 1627 Non-ermatradetl
511 1574 674 1626 -telasubtra
693 1571 828 1625 itismilnit

227 1646 271 1696 lta
281 1643 354 1694 nulla
363 1658 460 1694 saevas
471 1649 546 1694 tetra
556 1644 693 1708 concipiat
702 1641 775 1694 feras

227 1713 296 1764 Post
306 1727 350 1762 me
361 1712 510 1776 sepultum,
520 1726 571 1761 nec
581 1726 657 1762 meas
668 1726 785 1778 unquam
792 1725 894 1763 ‹manue

148 1779 216 1833 1330
227 1781 358 1847 Imploret
368 1777 455 1844 onbis3
465 1779 489 1830 si
501 1793 554 1846 qua
564 1784 710 1831 nascentur
721 1779 799 1842 malo,

226 1848 364 1901 Nascatur
374 1845 455 1898 alius:
466 1847 591 1916 undeque
600 1847 695 1900 infelix
705 1855 788 1914 caput

227 1919 352 1970 Mactate
364 1915 452 1981 saxis3
462 1917 561 1969 vincite
573 1932 716 1968 aerumnas
725 1916 811 1971 meas!

227 1989 257 2038 ln
291 1991 337 2038 ate
348 2000 439 2038 cessas
451 1983 540 2037 orbisl
561 1985 710 2038 excidimus
721 1983 787 2036 ubit

228 2058 251 2107 A
270 2055 322 2106 huc
332 2054 409 2107 malis
419 2053 538 2124 ferisque
549 2057 705 2122 suppositus
715 2053 798 2116 foras,

150 2123 217 2176 1335
229 2124 288 2176 Nisi
297 2139 340 2176 me
350 2123 467 2176 tulisses.
503 2125 645 2178 Vindicem
655 2129 775 2175 vestrum
786 2124 862 2175 malis

228 2194 346 2260 Eripite,
357 2191 462 2260 populi!
483 2194 604 2260 Tempus
615 2190 668 2244 hoc
678 2193 755 2244 vobis
766 2191 846 2243 datur

229 2262 348 2313 Pensare
359 2261 468 2314 menital
487 2277 563 2314 mers
574 2263 625 2314 enit
636 2263 753 2328 pretium
764 2263 892 2313 omnium.

229 2344 270 2380 sn
279 2343 329 2380 cu.
342 2330 416 2391 uuas
426 2332 526 2383 misera
536 2335 717 2382 terrasmater
726 2330 958 2396 Alcidaepetaml

228 2398 281 2451 Ubi
292 2402 386 2463 natus,
398 2401 508 2452 ubinam
519 2399 576 2452 estl
598 2400 680 2450 Certa
690 2400 713 2450 si
722 2399 794 2449 visus
806 2405 894 2462 notat,

152 2468 219 2522 1310
230 2466 346 2519 Raclinis
357 2468 435 2520 ecee!
457 2469 539 2520 corde
549 2465 685 2520 anhelanti
696 2472 817 2526 aestuem
1016 2519 1017 2524 ,

231 2536 335 2590 Gemit:
350 2543 490 2604 peractum
501 2541 557 2588 est.
592 2536 716 2589 Membra
727 2535 875 2603 complecti
885 2538 960 2590 'ulti-
1016 2525 1017 2564 l

662 2619 735 2657 mum

231 2671 254 2724 0
265 2672 451 2743 gaetulium
484 2673 593 2746 spiritus
605 2672 710 2745 lugiens
721 2641 788 2726 oleo·
