<?xml version="1.0" encoding="UTF-8"?>
<!DOCTYPE html PUBLIC "-//W3C//DTD XHTML 1.0 Transitional//EN"
    "http://www.w3.org/TR/xhtml1/DTD/xhtml1-transitional.dtd">
<html xmlns="http://www.w3.org/1999/xhtml" xml:lang="en" lang="en">
 <head>
  <title>
</title>
<meta http-equiv="Content-Type" content="text/html;charset=utf-8" />
  <meta name='ocr-system' content='tesseract 3.04.00' />
  <meta name='ocr-capabilities' content='ocr_page ocr_carea ocr_par ocr_line ocrx_word'/>
</head>
<body>
  <div class='ocr_page' id='page_1' title='image "./lannaeisenecaet03senegoog_0198.png"; bbox 0 0 2104 3050; ppageno 0'>
   <div class='ocr_carea' id='block_1_1' title="bbox 167 185 758 243">
    <p class='ocr_par' dir='ltr' id='par_1_1' title="bbox 167 185 758 243">
     <span class='ocr_line' id='line_1_1' title="bbox 167 185 758 243; baseline 0.002 -1"><span class='ocrx_word' id='word_1_1' title='bbox 167 191 216 242; x_wconf 82' lang='grc'>192</span> <span class='ocrx_word' id='word_1_2' title='bbox 330 189 363 242; x_wconf 85' lang='lat' dir='ltr'>L.</span> <span class='ocrx_word' id='word_1_3' title='bbox 390 187 548 242; x_wconf 76' lang='lat' dir='ltr'><strong>ANNAEI</strong></span> <span class='ocrx_word' id='word_1_4' title='bbox 567 185 758 243; x_wconf 79' lang='lat' dir='ltr'><strong>SENECAE</strong></span> 
     </span>
    </p>
   </div>
   <div class='ocr_carea' id='block_1_2' title="bbox 166 289 968 2754">
    <p class='ocr_par' dir='ltr' id='par_1_2' title="bbox 226 289 868 430">
     <span class='ocr_line' id='line_1_2' title="bbox 227 289 779 360; baseline 0 -16"><span class='ocrx_word' id='word_1_5' title='bbox 227 292 356 345; x_wconf 83' lang='lat' dir='ltr'>Cecidere</span> <span class='ocrx_word' id='word_1_6' title='bbox 366 291 487 346; x_wconf 87' lang='lat' dir='ltr'>Thebae.</span> <span class='ocrx_word' id='word_1_7' title='bbox 523 289 600 344; x_wconf 68' lang='lat' dir='ltr'>vicit</span> <span class='ocrx_word' id='word_1_8' title='bbox 608 291 708 344; x_wconf 82' lang='lat' dir='ltr'>Eetion</span> <span class='ocrx_word' id='word_1_9' title='bbox 719 295 779 360; x_wconf 79' lang='lat' dir='ltr'>capi</span> 
     </span>
     <span class='ocr_line' id='line_1_3' title="bbox 226 359 868 430; baseline 0.005 -19"><span class='ocrx_word' id='word_1_10' title='bbox 226 359 487 429; x_wconf 81' lang='lat' dir='ltr'>Suaregnarictus.</span> <span class='ocrx_word' id='word_1_11' title='bbox 523 361 606 412; x_wconf 82' lang='lat' dir='ltr'>Clade</span> <span class='ocrx_word' id='word_1_12' title='bbox 617 359 748 414; x_wconf 80' lang='lat' dir='ltr'>subversa</span> <span class='ocrx_word' id='word_1_13' title='bbox 758 369 800 414; x_wconf 85' lang='lat' dir='ltr'>est</span> <span class='ocrx_word' id='word_1_14' title='bbox 808 363 868 430; x_wconf 79' lang='lat' dir='ltr'>pari</span> 
     </span>
    </p>

    <p class='ocr_par' dir='ltr' id='par_1_3' title="bbox 167 428 790 565">
     <span class='ocr_line' id='line_1_4' title="bbox 167 428 790 499; baseline 0.003 -19"><span class='ocrx_word' id='word_1_15' title='bbox 167 428 217 480; x_wconf 92' lang='grc'>225</span> <span class='ocrx_word' id='word_1_16' title='bbox 227 429 360 496; x_wconf 84' lang='lat' dir='ltr'>Imposita</span> <span class='ocrx_word' id='word_1_17' title='bbox 369 429 441 482; x_wconf 83' lang='lat' dir='ltr'>celso</span> <span class='ocrx_word' id='word_1_18' title='bbox 453 442 537 497; x_wconf 68' lang='lat' dir='ltr'>parua</span> <span class='ocrx_word' id='word_1_19' title='bbox 547 429 700 496; x_wconf 79' lang='lat' dir='ltr'><strong>Lyrnessos</strong></span> <span class='ocrx_word' id='word_1_20' title='bbox 711 432 790 499; x_wconf 83' lang='lat' dir='ltr'>iug03</span> 
     </span>
     <span class='ocr_line' id='line_1_5' title="bbox 225 498 703 565; baseline 0 -16"><span class='ocrx_word' id='word_1_21' title='bbox 225 499 365 565; x_wconf 81' lang='lat' dir='ltr'>Captaque</span> <span class='ocrx_word' id='word_1_22' title='bbox 375 498 454 550; x_wconf 78' lang='lat' dir='ltr'>tellus</span> <span class='ocrx_word' id='word_1_23' title='bbox 464 498 561 549; x_wconf 90' lang='lat' dir='ltr'>nobilis</span> <span class='ocrx_word' id='word_1_24' title='bbox 571 498 703 562; x_wconf 87' lang='lat' dir='ltr'>Briseide,</span> 
     </span>
    </p>

    <p class='ocr_par' dir='ltr' id='par_1_4' title="bbox 224 565 835 772">
     <span class='ocr_line' id='line_1_6' title="bbox 224 565 799 634; baseline 0.003 -17"><span class='ocrx_word' id='word_1_25' title='bbox 224 567 275 627; x_wconf 85' lang='lat' dir='ltr'>Et,</span> <span class='ocrx_word' id='word_1_26' title='bbox 286 580 370 618; x_wconf 88' lang='lat' dir='ltr'>causa</span> <span class='ocrx_word' id='word_1_27' title='bbox 378 567 433 618; x_wconf 85' lang='lat' dir='ltr'>litis</span> <span class='ocrx_word' id='word_1_28' title='bbox 444 567 568 634; x_wconf 81' lang='lat' dir='ltr'>regibm,</span> <span class='ocrx_word' id='word_1_29' title='bbox 580 565 685 632; x_wconf 81' lang='lat' dir='ltr'>Chryse</span> <span class='ocrx_word' id='word_1_30' title='bbox 695 568 777 630; x_wconf 83' lang='lat' dir='ltr'>iacet,</span> <span class='ocrx_word' id='word_1_31' title='bbox 795 629 799 634; x_wconf 30' lang='lat'><em>¹</em></span> 
     </span>
     <span class='ocr_line' id='line_1_7' title="bbox 224 633 822 702; baseline 0.003 -17"><span class='ocrx_word' id='word_1_32' title='bbox 224 635 262 685; x_wconf 89' lang='lat' dir='ltr'>Et</span> <span class='ocrx_word' id='word_1_33' title='bbox 271 640 338 686; x_wconf 83' lang='lat' dir='ltr'>nota</span> <span class='ocrx_word' id='word_1_34' title='bbox 347 633 421 686; x_wconf 82' lang='lat' dir='ltr'>fama</span> <span class='ocrx_word' id='word_1_35' title='bbox 431 635 574 696; x_wconf 85' lang='lat' dir='ltr'>Tenedos,</span> <span class='ocrx_word' id='word_1_36' title='bbox 584 641 626 697; x_wconf 87' lang='lat' dir='ltr'>et,</span> <span class='ocrx_word' id='word_1_37' title='bbox 638 650 709 702; x_wconf 84' lang='lat' dir='ltr'>quae</span> <span class='ocrx_word' id='word_1_38' title='bbox 718 648 822 702; x_wconf 85' lang='lat' dir='ltr'>pascuo</span> 
     </span>
     <span class='ocr_line' id='line_1_8' title="bbox 224 697 835 772; baseline 0.003 -18"><span class='ocrx_word' id='word_1_39' title='bbox 224 697 373 755; x_wconf 71' lang='lat' dir='ltr'>Fcecunda</span> <span class='ocrx_word' id='word_1_40' title='bbox 382 704 475 770; x_wconf 86' lang='lat' dir='ltr'>pingui</span> <span class='ocrx_word' id='word_1_41' title='bbox 486 701 619 754; x_wconf 83' lang='lat' dir='ltr'>Thracios</span> <span class='ocrx_word' id='word_1_42' title='bbox 630 699 716 754; x_wconf 67' lang='lat' dir='ltr'>nutrit</span> <span class='ocrx_word' id='word_1_43' title='bbox 726 719 835 772; x_wconf 81' lang='lat' dir='ltr'>greges,</span> 
     </span>
    </p>

    <p class='ocr_par' dir='ltr' id='par_1_5' title="bbox 166 769 878 1112">
     <span class='ocr_line' id='line_1_9' title="bbox 166 769 875 839; baseline 0 -17"><span class='ocrx_word' id='word_1_44' title='bbox 166 771 217 824; x_wconf 81' lang='grc'>230</span> <span class='ocrx_word' id='word_1_45' title='bbox 229 769 330 838; x_wconf 85' lang='lat' dir='ltr'>Syros,</span> <span class='ocrx_word' id='word_1_46' title='bbox 341 771 494 838; x_wconf 74' lang='lat' dir='ltr'>fretumque</span> <span class='ocrx_word' id='word_1_47' title='bbox 503 771 611 823; x_wconf 85' lang='lat' dir='ltr'>Lesbos</span> <span class='ocrx_word' id='word_1_48' title='bbox 620 772 757 839; x_wconf 81' lang='lat' dir='ltr'>Aegaeum</span> <span class='ocrx_word' id='word_1_49' title='bbox 768 787 875 837; x_wconf 85' lang='lat' dir='ltr'>secans,</span> 
     </span>
     <span class='ocr_line' id='line_1_10' title="bbox 224 839 842 907; baseline -0.002 -15"><span class='ocrx_word' id='word_1_50' title='bbox 224 841 262 892; x_wconf 85' lang='lat' dir='ltr'>Et</span> <span class='ocrx_word' id='word_1_51' title='bbox 271 855 336 892; x_wconf 82' lang='lat' dir='ltr'>cara</span> <span class='ocrx_word' id='word_1_52' title='bbox 344 839 458 892; x_wconf 82' lang='lat' dir='ltr'>Phoebo</span> <span class='ocrx_word' id='word_1_53' title='bbox 470 839 546 891; x_wconf 85' lang='lat' dir='ltr'>cilia.</span> <span class='ocrx_word' id='word_1_54' title='bbox 582 839 667 902; x_wconf 80' lang='lat' dir='ltr'>Quid,</span> <span class='ocrx_word' id='word_1_55' title='bbox 678 855 745 907; x_wconf 88' lang='lat' dir='ltr'>quas</span> <span class='ocrx_word' id='word_1_56' title='bbox 756 841 842 891; x_wconf 83' lang='lat' dir='ltr'>adluit</span> 
     </span>
     <span class='ocr_line' id='line_1_11' title="bbox 225 908 832 978; baseline -0.005 -16"><span class='ocrx_word' id='word_1_57' title='bbox 225 909 324 962; x_wconf 83' lang='lat' dir='ltr'>Vernis</span> <span class='ocrx_word' id='word_1_58' title='bbox 335 911 443 976; x_wconf 79' lang='lat' dir='ltr'>Caycus</span> <span class='ocrx_word' id='word_1_59' title='bbox 453 910 589 978; x_wconf 80' lang='lat' dir='ltr'>gurgitem</span> <span class='ocrx_word' id='word_1_60' title='bbox 600 908 727 960; x_wconf 80' lang='lat' dir='ltr'>attollens</span> <span class='ocrx_word' id='word_1_61' title='bbox 739 908 832 976; x_wconf 66' lang='lat' dir='ltr'>aquis!</span> 
     </span>
     <span class='ocr_line' id='line_1_12' title="bbox 225 977 878 1046; baseline 0 -18"><span class='ocrx_word' id='word_1_62' title='bbox 225 978 304 1029; x_wconf 86' lang='lat' dir='ltr'>Haec</span> <span class='ocrx_word' id='word_1_63' title='bbox 315 982 393 1029; x_wconf 82' lang='lat' dir='ltr'>tanta</span> <span class='ocrx_word' id='word_1_64' title='bbox 403 978 496 1030; x_wconf 86' lang='lat' dir='ltr'>clades</span> <span class='ocrx_word' id='word_1_65' title='bbox 506 977 626 1046; x_wconf 85' lang='lat' dir='ltr'>gentium</span> <span class='ocrx_word' id='word_1_66' title='bbox 638 993 671 1028; x_wconf 89' lang='lat' dir='ltr'>ac</span> <span class='ocrx_word' id='word_1_67' title='bbox 681 982 773 1028; x_wconf 79' lang='lat' dir='ltr'>tantus</span> <span class='ocrx_word' id='word_1_68' title='bbox 785 991 878 1044; x_wconf 83' lang='lat' dir='ltr'>pavor,</span> 
     </span>
     <span class='ocr_line' id='line_1_13' title="bbox 226 1044 813 1112; baseline 0.002 -16"><span class='ocrx_word' id='word_1_69' title='bbox 226 1044 345 1112; x_wconf 76' lang='lat' dir='ltr'>Sparsae</span> <span class='ocrx_word' id='word_1_70' title='bbox 356 1051 399 1098; x_wconf 86' lang='lat' dir='ltr'>tot</span> <span class='ocrx_word' id='word_1_71' title='bbox 408 1047 503 1109; x_wconf 85' lang='lat' dir='ltr'>urbes,</span> <span class='ocrx_word' id='word_1_72' title='bbox 514 1045 630 1096; x_wconf 77' lang='lat' dir='ltr'>turbinis</span> <span class='ocrx_word' id='word_1_73' title='bbox 640 1047 712 1098; x_wconf 85' lang='lat' dir='ltr'>vasti</span> <span class='ocrx_word' id='word_1_74' title='bbox 721 1046 813 1109; x_wconf 86' lang='lat' dir='ltr'>modo,</span> 
     </span>
    </p>

    <p class='ocr_par' dir='ltr' id='par_1_6' title="bbox 167 1113 841 1250">
     <span class='ocr_line' id='line_1_14' title="bbox 167 1113 841 1185; baseline 0.001 -19"><span class='ocrx_word' id='word_1_75' title='bbox 167 1114 217 1166; x_wconf 80' lang='lat'>235</span> <span class='ocrx_word' id='word_1_76' title='bbox 229 1115 346 1166; x_wconf 79' lang='lat' dir='ltr'>Alterius</span> <span class='ocrx_word' id='word_1_77' title='bbox 358 1122 450 1167; x_wconf 82' lang='lat' dir='ltr'>essent</span> <span class='ocrx_word' id='word_1_78' title='bbox 460 1115 547 1182; x_wconf 87' lang='lat' dir='ltr'>gioria</span> <span class='ocrx_word' id='word_1_79' title='bbox 556 1129 589 1166; x_wconf 88' lang='lat' dir='ltr'>ac</span> <span class='ocrx_word' id='word_1_80' title='bbox 599 1129 732 1166; x_wconf 87' lang='lat' dir='ltr'>summum</span> <span class='ocrx_word' id='word_1_81' title='bbox 744 1113 841 1185; x_wconf 77' lang='lat' dir='ltr'>decus3</span> 
     </span>
     <span class='ocr_line' id='line_1_15' title="bbox 225 1183 780 1250; baseline -0.002 -15"><span class='ocrx_word' id='word_1_82' title='bbox 225 1183 284 1235; x_wconf 84' lang='lat' dir='ltr'>lter</span> <span class='ocrx_word' id='word_1_83' title='bbox 295 1190 338 1236; x_wconf 84' lang='lat' dir='ltr'>est</span> <span class='ocrx_word' id='word_1_84' title='bbox 348 1183 457 1247; x_wconf 80' lang='lat' dir='ltr'>Achilli3</span> <span class='ocrx_word' id='word_1_85' title='bbox 470 1184 511 1234; x_wconf 91' lang='lat' dir='ltr'>sic</span> <span class='ocrx_word' id='word_1_86' title='bbox 520 1197 597 1234; x_wconf 86' lang='lat' dir='ltr'>meus</span> <span class='ocrx_word' id='word_1_87' title='bbox 608 1183 683 1236; x_wconf 81' lang='lat' dir='ltr'>veuit</span> <span class='ocrx_word' id='word_1_88' title='bbox 693 1189 780 1250; x_wconf 83' lang='lat' dir='ltr'>pater,</span> 
     </span>
    </p>

    <p class='ocr_par' dir='ltr' id='par_1_7' title="bbox 225 1250 824 1452">
     <span class='ocr_line' id='line_1_16' title="bbox 226 1250 824 1320; baseline 0.002 -18"><span class='ocrx_word' id='word_1_89' title='bbox 226 1253 264 1302; x_wconf 87' lang='lat' dir='ltr'>Et</span> <span class='ocrx_word' id='word_1_90' title='bbox 274 1257 352 1302; x_wconf 81' lang='lat' dir='ltr'>tanta</span> <span class='ocrx_word' id='word_1_91' title='bbox 362 1253 447 1320; x_wconf 86' lang='lat' dir='ltr'>gessit</span> <span class='ocrx_word' id='word_1_92' title='bbox 457 1250 542 1312; x_wconf 86' lang='lat' dir='ltr'>belia,</span> <span class='ocrx_word' id='word_1_93' title='bbox 553 1251 617 1301; x_wconf 83' lang='lat' dir='ltr'>dum</span> <span class='ocrx_word' id='word_1_94' title='bbox 627 1250 726 1302; x_wconf 86' lang='lat' dir='ltr'>beilum</span> <span class='ocrx_word' id='word_1_95' title='bbox 738 1259 824 1317; x_wconf 84' lang='lat' dir='ltr'>parat.</span> 
     </span>
     <span class='ocr_line' id='line_1_17' title="bbox 225 1319 772 1381; baseline 0.004 -11"><span class='ocrx_word' id='word_1_96' title='bbox 225 1319 262 1370; x_wconf 80' lang='lat' dir='ltr'>Ut</span> <span class='ocrx_word' id='word_1_97' title='bbox 272 1320 325 1370; x_wconf 87' lang='lat' dir='ltr'>alia</span> <span class='ocrx_word' id='word_1_98' title='bbox 335 1320 428 1372; x_wconf 83' lang='lat' dir='ltr'>sileam</span> <span class='ocrx_word' id='word_1_99' title='bbox 439 1320 550 1381; x_wconf 87' lang='lat' dir='ltr'>merita,</span> <span class='ocrx_word' id='word_1_100' title='bbox 561 1332 615 1370; x_wconf 91' lang='lat' dir='ltr'>non</span> <span class='ocrx_word' id='word_1_101' title='bbox 625 1335 695 1370; x_wconf 90' lang='lat' dir='ltr'>unus</span> <span class='ocrx_word' id='word_1_102' title='bbox 705 1320 772 1371; x_wconf 86' lang='lat' dir='ltr'>satis</span> 
     </span>
     <span class='ocr_line' id='line_1_18' title="bbox 229 1386 732 1452; baseline 0 -14"><span class='ocrx_word' id='word_1_103' title='bbox 229 1388 337 1440; x_wconf 84' lang='lat' dir='ltr'>Hector</span> <span class='ocrx_word' id='word_1_104' title='bbox 345 1386 459 1442; x_wconf 55' lang='lat' dir='ltr'>fuisset?</span> <span class='ocrx_word' id='word_1_105' title='bbox 470 1388 557 1440; x_wconf 85' lang='lat' dir='ltr'>&#39;ilium</span> <span class='ocrx_word' id='word_1_106' title='bbox 567 1387 634 1438; x_wconf 82' lang='lat' dir='ltr'>vicit</span> <span class='ocrx_word' id='word_1_107' title='bbox 643 1393 732 1452; x_wconf 81' lang='lat' dir='ltr'>puter,</span> 
     </span>
    </p>

    <p class='ocr_par' dir='ltr' id='par_1_8' title="bbox 168 1454 884 1794">
     <span class='ocr_line' id='line_1_19' title="bbox 168 1454 763 1509; baseline -0.003 -1"><span class='ocrx_word' id='word_1_108' title='bbox 168 1459 217 1508; x_wconf 80' lang='lat'>24⁰</span> <span class='ocrx_word' id='word_1_109' title='bbox 227 1455 285 1508; x_wconf 89' lang='lat' dir='ltr'>Vos</span> <span class='ocrx_word' id='word_1_110' title='bbox 296 1457 425 1508; x_wconf 81' lang='lat' dir='ltr'>diruistis.</span> <span class='ocrx_word' id='word_1_111' title='bbox 461 1454 763 1509; x_wconf 79' lang='lat' dir='ltr'>Inclitaslaudesiurat</span> 
     </span>
     <span class='ocr_line' id='line_1_20' title="bbox 227 1523 834 1593; baseline -0.003 -17"><span class='ocrx_word' id='word_1_112' title='bbox 227 1526 264 1576; x_wconf 86' lang='lat' dir='ltr'>Et</span> <span class='ocrx_word' id='word_1_113' title='bbox 273 1524 348 1577; x_wconf 80' lang='lat' dir='ltr'>iacta</span> <span class='ocrx_word' id='word_1_114' title='bbox 356 1525 447 1593; x_wconf 83' lang='lat' dir='ltr'>magni</span> <span class='ocrx_word' id='word_1_115' title='bbox 460 1523 535 1576; x_wconf 86' lang='lat' dir='ltr'>clara</span> <span class='ocrx_word' id='word_1_116' title='bbox 545 1525 676 1590; x_wconf 84' lang='lat' dir='ltr'>genitoris</span> <span class='ocrx_word' id='word_1_117' title='bbox 688 1526 775 1592; x_wconf 88' lang='lat' dir='ltr'>sequi.</span> <span class='ocrx_word' id='word_1_118' title='bbox 830 1561 834 1574; x_wconf 92' lang='grc'><em>,</em></span> 
     </span>
     <span class='ocr_line' id='line_1_21' title="bbox 226 1593 854 1661; baseline 0 -18"><span class='ocrx_word' id='word_1_119' title='bbox 226 1593 315 1644; x_wconf 86' lang='lat' dir='ltr'>lacuit</span> <span class='ocrx_word' id='word_1_120' title='bbox 325 1601 463 1661; x_wconf 84' lang='lat' dir='ltr'>peremtus</span> <span class='ocrx_word' id='word_1_121' title='bbox 473 1593 579 1644; x_wconf 86' lang='lat' dir='ltr'>Hector</span> <span class='ocrx_word' id='word_1_122' title='bbox 590 1599 653 1644; x_wconf 87' lang='lat' dir='ltr'>ante</span> <span class='ocrx_word' id='word_1_123' title='bbox 664 1593 758 1644; x_wconf 88' lang='lat' dir='ltr'>oculos</span> <span class='ocrx_word' id='word_1_124' title='bbox 768 1594 854 1658; x_wconf 81' lang='lat' dir='ltr'>patris</span> 
     </span>
     <span class='ocr_line' id='line_1_22' title="bbox 226 1659 884 1730; baseline 0.005 -19"><span class='ocrx_word' id='word_1_125' title='bbox 226 1661 374 1730; x_wconf 84' lang='lat' dir='ltr'>Patruique</span> <span class='ocrx_word' id='word_1_126' title='bbox 384 1661 513 1713; x_wconf 82' lang='lat' dir='ltr'>Memnon</span> <span class='ocrx_word' id='word_1_127' title='bbox 519 1696 527 1722; x_wconf 94' lang='lat'><strong><em>‚</em></strong></span> <span class='ocrx_word' id='word_1_128' title='bbox 540 1663 616 1711; x_wconf 90' lang='lat' dir='ltr'>cuius</span> <span class='ocrx_word' id='word_1_129' title='bbox 627 1661 661 1712; x_wconf 81' lang='lat' dir='ltr'>ab</span> <span class='ocrx_word' id='word_1_130' title='bbox 671 1659 773 1712; x_wconf 82' lang='lat' dir='ltr'>luctum</span> <span class='ocrx_word' id='word_1_131' title='bbox 784 1677 884 1728; x_wconf 77' lang='lat' dir='ltr'>parens</span> 
     </span>
     <span class='ocr_line' id='line_1_23' title="bbox 233 1727 805 1794; baseline 0 -14"><span class='ocrx_word' id='word_1_132' title='bbox 233 1728 355 1782; x_wconf 79' lang='lat' dir='ltr'>Pallante</span> <span class='ocrx_word' id='word_1_133' title='bbox 365 1735 499 1782; x_wconf 89' lang='lat' dir='ltr'>moestum</span> <span class='ocrx_word' id='word_1_134' title='bbox 510 1727 624 1794; x_wconf 80' lang='lat' dir='ltr'>protulit</span> <span class='ocrx_word' id='word_1_135' title='bbox 633 1730 708 1781; x_wconf 81' lang='lat' dir='ltr'>vultu</span> <span class='ocrx_word' id='word_1_136' title='bbox 720 1729 805 1790; x_wconf 64' lang='lat' dir='ltr'>dicun</span> 
     </span>
    </p>

    <p class='ocr_par' dir='ltr' id='par_1_9' title="bbox 168 1795 818 1933">
     <span class='ocr_line' id='line_1_24' title="bbox 168 1795 818 1865; baseline 0.006 -19"><span class='ocrx_word' id='word_1_137' title='bbox 168 1795 218 1846; x_wconf 78' lang='lat'>245</span> <span class='ocrx_word' id='word_1_138' title='bbox 230 1795 332 1865; x_wconf 86' lang='lat' dir='ltr'>Suique</span> <span class='ocrx_word' id='word_1_139' title='bbox 341 1799 431 1848; x_wconf 79' lang='lat' dir='ltr'>vietor</span> <span class='ocrx_word' id='word_1_140' title='bbox 441 1799 531 1864; x_wconf 83' lang='lat' dir='ltr'>operis</span> <span class='ocrx_word' id='word_1_141' title='bbox 542 1797 694 1864; x_wconf 77' lang='lat' dir='ltr'>exemplum</span> <span class='ocrx_word' id='word_1_142' title='bbox 704 1797 818 1860; x_wconf 80' lang='lat' dir='ltr'>horruit,</span> 
     </span>
     <span class='ocr_line' id='line_1_25' title="bbox 226 1864 811 1933; baseline 0.002 -18"><span class='ocrx_word' id='word_1_143' title='bbox 226 1864 383 1933; x_wconf 83' lang='lat' dir='ltr'>Didicitque</span> <span class='ocrx_word' id='word_1_144' title='bbox 394 1864 526 1928; x_wconf 78' lang='lat' dir='ltr'>Achilles,</span> <span class='ocrx_word' id='word_1_145' title='bbox 539 1871 568 1916; x_wconf 86' lang='lat' dir='ltr'>et</span> <span class='ocrx_word' id='word_1_146' title='bbox 580 1865 633 1918; x_wconf 85' lang='lat' dir='ltr'>dea</span> <span class='ocrx_word' id='word_1_147' title='bbox 643 1872 723 1918; x_wconf 89' lang='lat' dir='ltr'>natos</span> <span class='ocrx_word' id='word_1_148' title='bbox 733 1868 811 1918; x_wconf 90' lang='lat' dir='ltr'>mori.</span> 
     </span>
    </p>

    <p class='ocr_par' dir='ltr' id='par_1_10' title="bbox 227 1933 952 2138">
     <span class='ocr_line' id='line_1_26' title="bbox 227 1933 855 1986; baseline 0.003 -2"><span class='ocrx_word' id='word_1_149' title='bbox 227 1933 300 1984; x_wconf 89' lang='lat' dir='ltr'>Tum</span> <span class='ocrx_word' id='word_1_150' title='bbox 310 1948 394 1985; x_wconf 82' lang='lat' dir='ltr'>saeva</span> <span class='ocrx_word' id='word_1_151' title='bbox 403 1934 524 1986; x_wconf 80' lang='lat' dir='ltr'>Amazon</span> <span class='ocrx_word' id='word_1_152' title='bbox 535 1934 645 1985; x_wconf 76' lang='lat' dir='ltr'>ultimus</span> <span class='ocrx_word' id='word_1_153' title='bbox 658 1935 756 1986; x_wconf 86' lang='lat' dir='ltr'>cecidit</span> <span class='ocrx_word' id='word_1_154' title='bbox 764 1937 855 1986; x_wconf 84' lang='lat' dir='ltr'>timor.</span> 
     </span>
     <span class='ocr_line' id='line_1_27' title="bbox 228 1999 952 2070; baseline 0.008 -18"><span class='ocrx_word' id='word_1_155' title='bbox 228 2001 320 2053; x_wconf 86' lang='lat' dir='ltr'>Debes</span> <span class='ocrx_word' id='word_1_156' title='bbox 330 2000 546 2064; x_wconf 82' lang='lat' dir='ltr'>Achilli,merita</span> <span class='ocrx_word' id='word_1_157' title='bbox 556 2003 580 2054; x_wconf 88' lang='lat' dir='ltr'>si</span> <span class='ocrx_word' id='word_1_158' title='bbox 590 1999 669 2070; x_wconf 85' lang='lat' dir='ltr'>digne</span> <span class='ocrx_word' id='word_1_159' title='bbox 680 2004 818 2066; x_wconf 82' lang='lat' dir='ltr'>aestimas,</span> <span class='ocrx_word' id='word_1_160' title='bbox 950 2055 952 2058; x_wconf 86' lang='lat'>.</span> 
     </span>
     <span class='ocr_line' id='line_1_28' title="bbox 228 2069 843 2138; baseline 0.005 -18"><span class='ocrx_word' id='word_1_161' title='bbox 228 2070 288 2122; x_wconf 87' lang='lat' dir='ltr'>Etsi</span> <span class='ocrx_word' id='word_1_162' title='bbox 299 2069 424 2136; x_wconf 83' lang='lat' dir='ltr'>Mycenis</span> <span class='ocrx_word' id='word_1_163' title='bbox 434 2072 565 2138; x_wconf 86' lang='lat' dir='ltr'>virginem</span> <span class='ocrx_word' id='word_1_164' title='bbox 575 2077 657 2138; x_wconf 85' lang='lat' dir='ltr'>atque</span> <span class='ocrx_word' id='word_1_165' title='bbox 668 2071 843 2138; x_wconf 27' lang='lat' dir='ltr'>iirgislpetat.</span> 
     </span>
    </p>

    <p class='ocr_par' dir='ltr' id='par_1_11' title="bbox 169 2137 968 2481">
     <span class='ocr_line' id='line_1_29' title="bbox 169 2137 952 2208; baseline 0.006 -21"><span class='ocrx_word' id='word_1_166' title='bbox 169 2137 219 2188; x_wconf 81' lang='lat'>25⁰</span> <span class='ocrx_word' id='word_1_167' title='bbox 230 2139 380 2190; x_wconf 86' lang='lat' dir='ltr'>Dubitatur</span> <span class='ocrx_word' id='word_1_168' title='bbox 390 2139 488 2192; x_wconf 77' lang='lat' dir='ltr'>etiami</span> <span class='ocrx_word' id='word_1_169' title='bbox 509 2139 691 2206; x_wconf 81' lang='lat' dir='ltr'>placitanunc</span> <span class='ocrx_word' id='word_1_170' title='bbox 701 2140 792 2192; x_wconf 80' lang='lat' dir='ltr'>subito</span> <span class='ocrx_word' id='word_1_171' title='bbox 799 2140 952 2208; x_wconf 74' lang='lat' dir='ltr'>improbas,</span> 
     </span>
     <span class='ocr_line' id='line_1_30' title="bbox 228 2207 761 2276; baseline 0.002 -18"><span class='ocrx_word' id='word_1_172' title='bbox 228 2207 383 2275; x_wconf 82' lang='lat' dir='ltr'>Priamique</span> <span class='ocrx_word' id='word_1_173' title='bbox 394 2214 486 2260; x_wconf 81' lang='lat' dir='ltr'>uatum</span> <span class='ocrx_word' id='word_1_174' title='bbox 495 2207 570 2260; x_wconf 86' lang='lat' dir='ltr'>Pelei</span> <span class='ocrx_word' id='word_1_175' title='bbox 579 2212 661 2276; x_wconf 80' lang='lat' dir='ltr'>gnato</span> <span class='ocrx_word' id='word_1_176' title='bbox 670 2207 761 2259; x_wconf 74' lang='lat' dir='ltr'>&#39;ferum</span> 
     </span>
     <span class='ocr_line' id='line_1_31' title="bbox 228 2275 836 2344; baseline -0.002 -17"><span class='ocrx_word' id='word_1_177' title='bbox 228 2275 351 2327; x_wconf 83' lang='lat' dir='ltr'>Mactare</span> <span class='ocrx_word' id='word_1_178' title='bbox 363 2276 468 2335; x_wconf 77' lang='lat' dir='ltr'>credisi</span> <span class='ocrx_word' id='word_1_179' title='bbox 488 2278 523 2328; x_wconf 78' lang='lat' dir='ltr'>nt</span> <span class='ocrx_word' id='word_1_180' title='bbox 532 2281 607 2328; x_wconf 76' lang='lat' dir='ltr'>tuam</span> <span class='ocrx_word' id='word_1_181' title='bbox 618 2283 728 2344; x_wconf 85' lang='lat' dir='ltr'>gnatam</span> <span class='ocrx_word' id='word_1_182' title='bbox 741 2291 836 2342; x_wconf 85' lang='lat' dir='ltr'>parens</span> 
     </span>
     <span class='ocr_line' id='line_1_32' title="bbox 229 2344 920 2409; baseline 0.001 -15"><span class='ocrx_word' id='word_1_183' title='bbox 229 2344 351 2396; x_wconf 83' lang='lat' dir='ltr'>Helenae</span> <span class='ocrx_word' id='word_1_184' title='bbox 360 2345 521 2396; x_wconf 80' lang='lat' dir='ltr'>immolasti:</span> <span class='ocrx_word' id='word_1_185' title='bbox 532 2345 612 2396; x_wconf 86' lang='lat' dir='ltr'>solita</span> <span class='ocrx_word' id='word_1_186' title='bbox 621 2345 675 2395; x_wconf 83' lang='lat' dir='ltr'>iam</span> <span class='ocrx_word' id='word_1_187' title='bbox 688 2351 715 2396; x_wconf 88' lang='lat' dir='ltr'>et</span> <span class='ocrx_word' id='word_1_188' title='bbox 722 2344 799 2396; x_wconf 81' lang='lat' dir='ltr'>&#39;iacta</span> <span class='ocrx_word' id='word_1_189' title='bbox 810 2350 920 2409; x_wconf 75' lang='lat' dir='ltr'>expeto·</span> 
     </span>
     <span class='ocr_line' id='line_1_33' title="bbox 230 2413 968 2481; baseline 0.005 -19"><span class='ocrx_word' id='word_1_190' title='bbox 230 2426 328 2463; x_wconf 75' lang='lat' dir='ltr'>suan.</span> <span class='ocrx_word' id='word_1_191' title='bbox 338 2414 456 2467; x_wconf 76' lang='lat' dir='ltr'>Iuvenile</span> <span class='ocrx_word' id='word_1_192' title='bbox 467 2415 562 2465; x_wconf 86' lang='lat' dir='ltr'>vitium</span> <span class='ocrx_word' id='word_1_193' title='bbox 572 2417 615 2464; x_wconf 91' lang='lat' dir='ltr'>est</span> <span class='ocrx_word' id='word_1_194' title='bbox 623 2428 718 2481; x_wconf 87' lang='lat' dir='ltr'>regere</span> <span class='ocrx_word' id='word_1_195' title='bbox 728 2429 782 2464; x_wconf 90' lang='lat' dir='ltr'>non</span> <span class='ocrx_word' id='word_1_196' title='bbox 791 2427 873 2479; x_wconf 79' lang='lat' dir='ltr'>posse</span> <span class='ocrx_word' id='word_1_197' title='bbox 882 2413 968 2480; x_wconf 62' lang='lat' dir='ltr'>impe</span> 
     </span>
    </p>

    <p class='ocr_par' dir='ltr' id='par_1_12' title="bbox 708 2486 761 2533">
     <span class='ocr_line' id='line_1_34' title="bbox 708 2486 761 2533; baseline 0.019 -3"><span class='ocrx_word' id='word_1_198' title='bbox 708 2486 761 2533; x_wconf 83' lang='lat' dir='ltr'>tus.</span> 
     </span>
    </p>

    <p class='ocr_par' dir='ltr' id='par_1_13' title="bbox 172 2547 909 2754">
     <span class='ocr_line' id='line_1_35' title="bbox 172 2547 777 2616; baseline 0.005 -18"><span class='ocrx_word' id='word_1_199' title='bbox 172 2549 221 2600; x_wconf 84' lang='grc'>255</span> <span class='ocrx_word' id='word_1_200' title='bbox 232 2551 336 2602; x_wconf 79' lang='lat' dir='ltr'>Aetatis</span> <span class='ocrx_word' id='word_1_201' title='bbox 348 2549 415 2600; x_wconf 85' lang='lat' dir='ltr'>alios</span> <span class='ocrx_word' id='word_1_202' title='bbox 425 2548 517 2602; x_wconf 79' lang='lat' dir='ltr'>fervor</span> <span class='ocrx_word' id='word_1_203' title='bbox 526 2547 571 2600; x_wconf 84' lang='lat' dir='ltr'>hic</span> <span class='ocrx_word' id='word_1_204' title='bbox 581 2548 685 2615; x_wconf 86' lang='lat' dir='ltr'>primae</span> <span class='ocrx_word' id='word_1_205' title='bbox 695 2551 777 2616; x_wconf 76' lang='lat' dir='ltr'>rapit,</span> 
     </span>
     <span class='ocr_line' id='line_1_36' title="bbox 230 2616 909 2684; baseline 0 -16"><span class='ocrx_word' id='word_1_206' title='bbox 230 2617 364 2682; x_wconf 87' lang='lat' dir='ltr'>Pyrrhum</span> <span class='ocrx_word' id='word_1_207' title='bbox 375 2623 512 2684; x_wconf 82' lang='lat' dir='ltr'>paternus.</span> <span class='ocrx_word' id='word_1_208' title='bbox 546 2616 663 2684; x_wconf 81' lang='lat' dir='ltr'>Spiritus</span> <span class='ocrx_word' id='word_1_209' title='bbox 673 2620 808 2684; x_wconf 84' lang='lat' dir='ltr'>quondam</span> <span class='ocrx_word' id='word_1_210' title='bbox 818 2624 909 2670; x_wconf 82' lang='lat' dir='ltr'>truces</span> 
     </span>
     <span class='ocr_line' id='line_1_37' title="bbox 230 2685 790 2754; baseline 0.005 -19"><span class='ocrx_word' id='word_1_211' title='bbox 230 2685 373 2754; x_wconf 71' lang='lat' dir='ltr'>Minusque</span> <span class='ocrx_word' id='word_1_212' title='bbox 383 2687 479 2738; x_wconf 81' lang='lat' dir='ltr'>tumidi</span> <span class='ocrx_word' id='word_1_213' title='bbox 490 2685 578 2741; x_wconf 83' lang='lat' dir='ltr'>lentus</span> <span class='ocrx_word' id='word_1_214' title='bbox 589 2685 724 2739; x_wconf 79' lang='lat' dir='ltr'>Aeacidae</span> <span class='ocrx_word' id='word_1_215' title='bbox 733 2688 790 2738; x_wconf 83' lang='lat' dir='ltr'>turi.</span> 
     </span>
    </p>
   </div>
   <div class='ocr_carea' id='block_1_3' title="bbox 0 0 1059 3050">
    <p class='ocr_par' dir='ltr' id='par_1_14' title="bbox 0 0 1059 3050">
     <span class='ocr_line' id='line_1_38' title="bbox 0 0 1059 3050; baseline 0 0"><span class='ocrx_word' id='word_1_216' title='bbox 0 0 1059 3050; x_wconf 95' lang='lat' dir='ltr'> </span> 
     </span>
    </p>
   </div>
  </div>
 </body>
</html>
