2076 3046
126 173 192 226 -sc
280 125 772 223 '-n.·rnnne'1snnocso
872 212 877 216 ,

219 277 268 328 Est
278 273 347 327 alius
356 273 416 325 istis
427 277 521 324 noster
531 271 558 323 in
570 271 642 324 silvis
652 272 743 336 locus,

219 346 272 406 Qui
283 359 325 396 me
335 343 470 410 reposcit3
481 340 552 392 hunc
563 348 654 410 petam
666 357 747 394 cursu
757 344 841 400 incito

219 413 280 471 Non
292 409 439 464 haesitabit
449 425 572 478 gressus3
583 409 636 463 hue
647 412 720 461 omni
730 413 800 463 duce

163 508 164 512 =
178 482 211 532 30
222 480 361 548 Spoliatus
370 480 426 530 ibo.
446 479 516 540 Quid
527 478 638 532 morori
653 477 739 531 Sedes
751 494 826 532 meas

209 551 356 612 Montem,
368 547 530 616 Citlpaeron,
541 549 640 611 redde,
652 553 680 599 et
690 546 837 616 hospitium
848 545 914 598 mihi

222 617 293 669 lllud
302 617 531 672 meumrestitue:
541 623 580 668 vut
591 618 712 684 expirem
723 631 821 680 senex,

209 687 273 738 -Ubi
284 686 365 738 debui
374 685 476 736 infansl
498 687 588 752 recipe
599 685 759 752 supplicium
771 691 863 746 vetus,

155 769 162 780 ·
223 753 337 822 Semper
348 760 472 817 cruente,
484 769 578 816 suere,
590 755 720 816 crudelis,
731 753 823 815 ferox,

180 825 213 874 35
227 825 295 874 Cum
306 823 423 886 occidis,
435 829 463 874 et
474 838 535 874 curn
545 821 648 890 parcis!
670 823 741 872 Olim
751 824 805 873 iam
816 828 893 871 tuum

163 908 164 914 ¹
221 893 273 943 Est
284 890 337 944 hoc
348 891 592 958 cadavertperoge
602 891 759 942 mandatum
769 891 868 957 patris,

222 961 281 1011 lam
293 966 321 1010 et
330 961 433 1010 matris.
450 961 559 1010 Animus
569 960 652 1026 gestit
662 961 774 1026 antiqua
786 959 880 1025 exequi

223 1027 370 1094 Supplicia.
390 1027 461 1090 Quid
471 1043 528 1089 me,
538 1034 634 1094 gnata,
645 1028 777 1094 pestifero
788 1033 865 1078 tenes

211 1094 469 1148 'Amorevinctumi
490 1095 659 1164 quidtenesl
679 1097 795 1148 Genitor
804 1101 894 1145 vocnt„

178 1167 212 1214 40
225 1165 346 1233 Sequor,
358 1165 534 1233 sequentiam
545 1163 639 1230 parce!
662 1163 845 1233 Sanguineum
856 1177 960 1231 gerens

224 1236 333 1302 lnsigne
344 1237 420 1300 regni
431 1233 516 1284 Laius
528 1234 600 1298 rapti
611 1232 690 1296 furit,

223 1303 273 1364 Et,
285 1317 364 1364 ecce,
374 1303 468 1352 inanes
480 1299 604 1351 monibus
615 1301 721 1354 infestis
732 1302 801 1368 petit

156 1417 164 1427 .
221 1371 359 1439 Foditque
370 1368 473 1424 vultur!
496 1369 601 1432 Grrata,
612 1371 763 1438 genitorem
773 1369 866 1420 rides!

222 1441 283 1506 Ego
294 1439 383 1490 video.
393 1437 525 1488 'Tandem
537 1439 809 1508 spiritumssiuimicum
821 1450 940 1504 exspue,

67 1557 68 1565 ,
106 1497 108 1502 ’
178 1510 211 1558 45
222 1509 358 1560 Desertor
368 1503 710 1573 animi,iortisin.partem
719 1505 771 1558 tui!

222 1573 818 1642 omittepoenaelanguidaslongacmoras,
898 1591 904 1598 ·

221 1644 396 1710 Montemque
406 1648 495 1693 totam
505 1643 631 1696 admitte!
647 1645 723 1706 auid
734 1645 824 1711 segnis
834 1641 931 1704 traho,

223 1712 304 1774 Quod
314 1709 393 1761 rivoi
414 1710 522 1762 Nullum
533 1711 626 1764 facere
636 1713 690 1764 iam
701 1727 812 1778 possum
823 1711 921 1766 scelus.
934 1741 968 1753 -

158 1787 159 1790 ’
221 1781 339 1832 Possum
349 1779 443 1830 miser:
456 1779 599 1846 praedico,
611 1781 720 1832 discede
732 1797 749 1833 a
760 1787 852 1848 patrc,

179 1850 212 1899 5⁰
223 1848 358 1910 Discede,
369 1849 410 1898 vir
430 1862 459 1898 o:
470 1850 554 1900 timeo
567 1855 629 1916 post
639 1855 755 1901 matrem
766 1852 864 1901 omnia

221 1929 299 1968 nur,
318 1917 368 1968 Vis
379 1863 465 1979 nudla,
476 1919 598 1984 genitor,
609 1923 684 1970 otuo
696 1925 817 1970 nostram
828 1933 939 1970 manum
968 1939 970 1942 ·

223 1988 346 2052 corpore
357 1983 489 2050 rcsolvct3
499 2001 579 2037 nemo
592 1999 635 2038 me
647 1989 774 2039 comitem
782 1989 835 2038 'tibi

225 2056 329 2122 Eripict
339 2068 468 2121 unquam.
504 2053 625 2108 Labdaci
639 2055 740 2107 claram
751 2057 873 2119 domum,

223 2124 360 2191 opulento
370 2122 444 2174 ferro
454 2135 539 2192 regno
548 2125 671 2192 germani
682 2130 790 2191 petsnt3

179 2193 211 2246 55
223 2194 292 2245 Pars
302 2206 408 2244 summa
417 2193 508 2259 magni
518 2194 603 2258 patris
614 2208 629 2244 e
642 2207 727 2260 regno
739 2208 801 2244 mea
811 2201 853 2245 est

222 2263 307 2314 Pater
315 2263 383 2328 ipse.
419 2259 480 2310 Nou
492 2257 562 2312 hunc
574 2260 681 2313 auferat
693 2255 779 2314 frater
788 2260 869 2324 milri,

223 2329 357 2380 Thebana
367 2333 448 2396 rapto
459 2334 569 2394 sceptra
580 2332 624 2398 qui
634 2345 720 2398 regno
731 2338 820 2396 tenet3

224 2398 285 2449 Non
296 2397 368 2450 hune
380 2403 504 2448 catervas
517 2397 586 2449 alter
595 2400 735 2466 Argolicas
746 2401 841 2468 agens!

224 2465 285 2516 Non
297 2468 319 2517 si
330 2465 437 2518 revulso
449 2467 553 2532 lupiter
562 2467 662 2518 mundo
673 2474 761 2536 tonet,

181 2535 215 2584 oo
227 2534 400 2602 Mediumque
410 2539 519 2590 nostros
529 2533 630 2586 fulmen
640 2537 668 2587 in
678 2551 764 2589 nexus
776 2538 870 2602 cadat,

224 2603 336 2654 Manum
348 2601 418 2654 hanc
428 2603 578 2653 remittam!
591 2603 750 2670 Promissus,
761 2609 877 2675 genitor,
889 2609 970 2661 licet:

225 2670 327 2740 Regum
340 2672 518 2733 abnuentem,
530 2671 638 2741 diligam
649 2676 762 2728 invitum
773 2683 887 2744 patrem.
