2070 3060
315 209 510 280 ocrsvrn.
528 215 638 266 noni.

94 315 371 384 Renovatqueluctus
381 321 410 367 et
419 319 508 368 metus
518 319 636 369 miserae
644 317 722 382 mihi,
763 342 764 349 1

73 421 77 431 -
93 389 178 440 Adice
188 385 230 437 his
241 385 386 451 superbam
397 385 535 451 pellicem,
546 391 656 439 nostrae
669 389 765 441 domus

96 457 196 524 Spoliis
207 455 350 517 nitentem3
362 457 438 505 cuius
448 455 476 504 in
487 470 584 506 munus
595 471 673 506 suam

95 523 209 590 Stygiae
222 528 362 590 parentem
373 529 453 574 natus
463 524 593 590 imposuit
602 527 666 587 rati,

20 589 26 594 ’
96 595 185 655 Quam
196 591 256 642 dira
266 596 328 657 post
338 590 481 658 naufragia
492 599 621 659 superato
631 597 700 644 mari

95 663 182 713 Ferro
192 660 341 722 interemit,
354 661 460 710 saevior
470 661 560 728 pelagi
571 661 657 714 fretis.

95 733 173 793 Quae
185 745 247 796 spes
258 728 351 780 salum
363 735 426 794 post
436 729 513 781 nefas
523 736 628 780 tantum
638 729 720 783 mihii

94 799 208 852 Inimica
220 798 316 848 victrix
326 799 448 849 imminet
456 796 583 850 thalamis
593 801 674 865 ineis3

96 867 221 934 0dioque
231 867 318 917 nostri
328 865 440 934 flagrat,
452 872 480 918 et
491 869 608 934 pretium
618 867 708 936 stupri

94 937 190 988 lustae
199 937 325 986 maritum
336 936 459 1002 coniugis
470 942 563 1001 captat
574 943 664 1004 caput.

94 1006 243 1071 Emerg'ere
254 1004 345 1066 undis,
357 1010 385 1054 et
396 1002 439 1054 fer
450 1005 578 1054 auxilium
588 1011 656 1058 tuac

95 1073 186 1125 Natae
196 1074 345 1134 invocanti,
356 1074 476 1138 genitor3
488 1079 535 1124 aut
547 1072 659 1141 Stygios
669 1075 743 1126 sinus

95 1141 207 1194 Tellure
218 1146 301 1206 rupta
311 1141 414 1207 pande,
426 1157 478 1207 quo
490 1157 622 1208 praeceps
631 1142 720 1194 ferar!

95 1226 113 1261 r
121 1225 139 1262 u
146 1223 163 1259 r
171 1223 198 1260 a.
208 1209 322 1260 Frustra
332 1211 452 1275 parentis
461 1210 575 1259 invocas
584 1225 676 1262 manes
687 1211 737 1274 tui,

94 1277 265 1339 Miseranda,
274 1277 383 1338 fnrstra,
395 1277 469 1328 nulla
478 1279 520 1328 oui
531 1279 615 1344 prolis
626 1295 694 1331 suae

94 1349 193 1400 Manet
202 1347 273 1396 inter
283 1346 392 1398 umbras
403 1361 483 1409 cura;
495 1347 540 1414 qui
550 1355 615 1399 nato
626 1363 678 1400 suo

95 1414 243 1468 Praeferre
254 1416 343 1482 potuit
353 1415 482 1482 sanguine
493 1415 581 1470 alieno
593 1421 692 1478 satum,

98 1485 280 1551 Genitamque
290 1483 382 1534 fratris
395 1485 537 1552 coniugem
549 1491 644 1552 captus
654 1485 708 1537 sibi

97 1555 180 1605 Totis
190 1552 313 1604 nefandis
324 1551 407 1604 flebili
416 1553 504 1604 iunxit
513 1553 583 1604 face.

95 1625 170 1676 Hine
181 1627 243 1674 orta
253 1621 337 1672 series
346 1619 511 1683 facinorum,
523 1621 637 1685 caedes,
649 1622 715 1685 doli,
777 1641 779 1646 ’

95 1693 183 1759 Regni
193 1690 305 1756 cupido,
316 1690 452 1757 sanguinis
464 1689 514 1740 diri
520 1691 598 1740 aitis:

96 1761 223 1812 Mactata
233 1760 322 1810 soceri
332 1759 451 1809 concidit
461 1756 587 1810 thalamis
598 1773 684 1827 gener

96 1829 230 1890 Victima,
240 1829 294 1880 tuis
304 1843 338 1878 ne
349 1828 427 1878 heret
437 1825 595 1893 hymenaeis
606 1833 712 1894 potens.

94 1896 172 1951 Proh
183 1895 288 1948 facinus
298 1895 406 1964 ingensl
418 1895 535 1948 feminae
546 1903 589 1949 est
598 1913 695 1950 munus
706 1895 787 1952 dans

98 1964 561 2028 Silanus,etcruorefoedavitsuo

96 2027 207 2088 Patrios
217 2040 337 2100 penates,
349 2035 467 2105 criminis
478 2035 535 2084 freti
544 2049 617 2086 reus.

48 2106 49 2110 ’
95 2105 212 2157 intrarit
222 2101 309 2154 hostis
320 2102 364 2154 hei
374 2101 451 2153 mihil
464 2109 573 2170 captam
583 2105 693 2155 domum

95 2173 177 2226 Dolis
186 2185 333 2235 novercae,
346 2173 479 2238 Principis
489 2171 579 2224 factus
590 2189 683 2241 gener,

96 2243 226 2308 Idemque
236 2247 328 2304 natus,
339 2242 443 2292 invenis
453 2241 558 2292 infandi
566 2243 657 2310 ingeni

97 2313 246 2377 Capaane
256 2311 400 2373 scelerum,
411 2311 471 2362 dira
481 2311 525 2360 cui
535 2314 651 2378 genitrix
662 2309 753 2362 facem

98 2379 243 2441 Accendit,
254 2384 282 2431 et
291 2385 319 2430 to
329 2381 416 2430 iunxit
425 2381 537 2430 invitam
548 2387 635 2444 metu3

95 2449 352 2518 Tantoquerictrlx
362 2447 437 2500 facta
448 2464 577 2500 successu
588 2448 668 2500 ferox
901 2505 907 2510 „

57 2565 71 2580 ,
95 2518 171 2568 Ausa
180 2517 320 2570 imminere
331 2523 373 2570 est
385 2519 458 2569 orbis
468 2520 582 2584 imperio
594 2518 675 2569 sacri,
842 2516 898 2578 Γ155

98 2587 166 2648 Quis
177 2591 222 2636 tot
230 2585 335 2639 referre
343 2587 494 2638 facinorum
503 2587 606 2638 formas
617 2592 720 2654 potest,

68 2691 69 2694 η
97 2656 134 2706 ct
145 2669 208 2722 spes
219 2654 350 2708 nefandas
360 2655 490 2718 feminae,
502 2661 531 2708 et
541 2657 657 2708 blandos·
666 2655 743 2706 dolos
786 2655 792 2670 ⁸

97 2723 221 2792 Regnum
230 2728 348 2794 petentis
358 2742 407 2796 per
416 2725 517 2796 'gradus
528 2727 660 2780 scelerum
672 2723 807 2778 omnium!

558 2799 563 2824 l
