2076 3046
283 183 518 282 rurenses.
544 233 631 289 nor.
650 237 698 292 iv.
736 283 740 293 .

90 322 226 376 Eieetens
237 325 333 394 longos
344 327 462 397 Signifer
472 347 570 397 annos,

94 391 192 458 Lapsa
202 395 305 446 videbit
315 397 405 450 sidera
415 399 519 452 labens.

95 461 167 521 liic,
178 463 225 527 qui
238 464 355 515 nondum
365 481 430 517 rere
440 467 557 536 benigno

98 527 198 579 Reddit
209 529 337 597 Zephyro
349 532 412 584 vela
421 539 537 600 tepenti,

11 601 13 606 '
91 597 173 646 ..tries
183 611 316 666 praeceps
325 600 412 654 ibitin
424 603 524 667 undu,

96 663 152 714 Per
161 679 228 731 quas
239 667 364 732 paridam
374 676 486 722 rexerat
496 672 600 727 Hellen.

95 732 166 794 Hic,
186 734 231 798 qui
241 734 327 787 nitido
339 738 445 788 Taurus
457 755 539 792 cornu

94 798 223 850 Praefert
239 803 367 868 Hyadas,
388 820 479 858 secum
492 809 620 864 Geminos

11 875 12 888 ¹
96 865 204 919 Trahet
225 873 338 928 etcurri
350 871 461 926 brachia
472 877 576 930 caneri.

94 934 156 986 Leo
167 934 333 990 flammiferis
344 942 462 994 aestibus
474 945 572 997 ardens

94 1003 198 1054 lterum
214 1020 228 1056 e
239 1006 316 1058 coelo
328 1009 407 1060 cadet
417 1011 583 1076 Herculeus,

94 1071 220 1122 cadetin
235 1078 323 1128 terras
339 1075 426 1143 Virgo
441 1078 564 1142 relictas,

91 1139 239 1206 iustaeque
251 1143 349 1194 cadent
360 1143 483 1209 pondera
492 1142 607 1210 Librae,

92 1206 246 1274 Secumqua
257 1208 365 1262 trahent
376 1209 508 1278 Scorpion
521 1227 610 1267 acreio
621 1234 628 1279 ς

91 1275 142 1336 Et,
155 1277 202 1341 qui
211 1291 295 1326 nervo
305 1283 380 1330 tenet
392 1279 542 1336 Haemonio
589 1324 594 1336 .

91 1341 218 1392 Pennata
228 1359 311 1395 senex
321 1347 425 1412 spicula
436 1345 548 1414 chiron,

89 1410 182 1476 Rupto
192 1411 289 1478 perdet
299 1415 403 1479 spicula
413 1429 505 1468 nervo.
610 1429 614 1434 '

90 1475 201 1545 Pigram
210 1478 331 1532 referens
342 1479 457 1535 hiemem
466 1484 571 1552 gelidus
641 1497 646 1503 “

91 1545 177 1598 Cedet
189 1547 360 1614 Aegoceros,
371 1549 532 1620 frangetque
542 1561 630 1620 mam,

91 1615 219 1682 Quisquis
230 1631 272 1679 es,
284 1617 394 1668 Ument.
419 1621 523 1672 Tecum
534 1623 667 1676 excedent

89 1682 188 1733 infima
199 1683 269 1735 coeii
279 1685 369 1736 sidera
377 1685 485 1751 Pisces3

88 1750 267 1818 Monstraque
279 1767 415 1822 nunquam
425 1753 535 1822 perfluo
544 1759 615 1810 mari

88 1817 198 1886 Merget
209 1819 328 1872 condens
340 1824 429 1874 omnia
439 1839 552 1892 gurgcs3

87 1887 124 1936 Et
135 1887 181 1953 qui
192 1887 296 1938 medias
308 1889 401 1939 dividit
411 1893 507 1952 Ursas,

86 1954 219 2005 Huminis
229 1956 328 2019 instar,
337 1956 456 2009 lubricus
466 1958 578 2026 Anguis.

84 2023 242 2090 Magnoque
253 2025 340 2075 minor
349 2026 442 2076 iuncta
451 2025 572 2078 Draconi

84 2090 196 2156 Frigida
206 2091 274 2142 duro
285 2093 428 2158 'Cynosura
438 2095 516 2162 gelu,

84 2160 237 2226 Custosque
249 2161 290 2210 sui
299 2161 394 2213 tardus
404 2161 517 2228 plaustri

83 2227 139 2276 iam
150 2241 207 2278 non
217 2227 322 2279 stabilis
332 2235 395 2281 ruet
405 2229 599 2298 Arctophylax.

82 2293 139 2345 Nos
151 2309 167 2346 e
177 2301 256 2346 tento
266 2297 316 2348 risi
327 2297 427 2363 populo

83 2362 179 2429 Digni,
192 2372 328 2430 premeret
339 2379 406 2434 quos
417 2381 512 2419 everso

83 2430 199 2482 Cardine
209 2432 338 2495 mundus3

83 2498 111 2547 ln
123 2511 174 2550 nos
188 2505 264 2552 aetas
276 2501 370 2555 ultima
379 2507 460 2556 venit.

84 2566 105 2614 0
116 2581 167 2618 nos
178 2566 248 2618 dura
257 2577 330 2620 sorte
343 2579 463 2636 creatus,

84 2631 136 2686 Seu
147 2635 315 2701 perdidimus
325 2640 408 2692 solem
418 2643 522 2705 rusori,

84 2699 144 2756 Sive
156 2703 319 2772 expulimus!

864 189 899 295 τέ
