2104 3050
232 137 512 243 conmortuos.
544 177 687 240 soron.
817 183 869 236 ms
968 127 975 146 ⁸

68 291 105 342 Et
115 292 178 356 post
189 291 305 351 tropaea
315 285 400 336 Troia
410 299 443 336 ac
452 299 560 336 versum
568 285 649 336 ilium
679 343 681 348 Ι
818 283 869 336 190

68 361 170 424 Captae
180 356 294 406 maritus
305 360 410 405 remeat
420 359 449 404 et
457 353 558 404 Priami
568 368 660 420 genet.

67 426 232 492 Adcingere,
244 423 345 474 aninaes
356 420 427 476 helle
437 421 572 486 nonies-ia
583 423 708 501 adperss

68 491 164 544 Scelus
176 489 362 558 occupandum
373 489 427 542 est!
446 489 544 556 Pigra,
556 506 635 556 quem
645 487 868 558 expectasdiemi

68 561 185 627 Pelopia
195 558 332 625 Phrygiae
344 563 453 624 sceptra
463 559 527 609 dum
537 564 649 610 teneant
659 556 760 611 nurusi

67 631 110 682 An
120 635 148 680 te
159 632 300 679 morantur
309 628 426 694 virgines
436 627 533 680 uiduae
545 627 628 689 donni,
818 625 869 677 195

68 697 202 764 Patrique
213 697 324 746 Orestes
335 694 445 746 similist
465 695 572 746 Horum
583 701 610 746 te
620 695 693 746 maia

68 765 195 817 Ventura
204 769 331 816 moveant
336 800 344 826 ,
355 764 435 815 turbo
447 766 505 831 quis
518 779 608 815 rerum
616 765 747 814 imminet.

70 834 160 896 Quid,
168 833 281 894 misera,
292 831 399 884 cessasi
418 833 474 894 En,
485 831 564 884 adest
574 833 664 900 gnatis
674 833 728 884 tuis

68 904 177 958 Furens
187 899 317 952 noverca!
338 901 490 963 Portunus,
502 901 524 951 si
536 900 614 951 aliter
624 902 725 969 nequit,

69 971 159 1022 Latus
170 970 390 1035 exigaturensis‚
401 966 646 1044 etperimatduos)
820 967 871 1018 200
971 967 973 974 '

69 1040 158 1091 Misce
170 1035 307 1090 cruorem!
328 1037 411 1104 perde
422 1037 562 1103 pereundo
571 1035 670 1088 airumi

71 1107 151 1158 Mors
161 1105 262 1156 nrisera
271 1120 326 1156 non
338 1111 380 1156 est
391 1107 522 1158 commori
533 1120 595 1156 cum
605 1117 660 1171 quo
668 1104 742 1160 veiis·

73 1189 93 1225 n
100 1187 117 1224 u
124 1187 142 1222 r
149 1187 176 1222 n.
186 1173 301 1240 Regina,
312 1173 390 1226 irena
400 1179 485 1224 temet
495 1179 523 1224 et
532 1175 597 1226 siste
607 1175 748 1238 impetum,

72 1243 125 1304 Et,
136 1247 237 1308 quanta
247 1247 347 1304 tentes,
359 1241 463 1308 cogita!
485 1241 582 1294 Victor
591 1242 665 1294 venit

70 1312 153 1362 Asiae
165 1308 279 1372 ferocis,
288 1310 362 1360 ultor
370 1311 512 1374 Europam
523 1308 608 1360 trahit
657 1371 660 1378 Ι

72 1379 187 1445 Captiva
198 1375 333 1444 Pergama
342 1384 371 1428 et
381 1378 427 1430 diu
438 1379 524 1428 victos
535 1377 669 1443 Phrygas.

72 1447 156 1497 Hunc
166 1444 262 1496 fraude
273 1461 344 1496 nnnc
355 1448 500 1498 concriset
511 1445 585 1497 furtu
596 1443 719 1512 adgredi,

75 1515 163 1575 Quem
173 1527 226 1564 non
237 1512 353 1566 Achilles
363 1529 427 1566 ense
438 1514 549 1564 violavit
560 1512 630 1576 iero,

76 1583 205 1643 Quamvis
217 1597 362 1647 procacem
374 1589 467 1634 torvus
478 1588 611 1634 armasset
621 1593 745 1642 manum

73 1650 137 1702 Non
148 1649 243 1698 mehor
253 1652 333 1712 Aiax,
344 1657 433 1702 morte
444 1651 555 1702 decreta
565 1649 675 1714 furens3,

74 1717 137 1769 Non
148 1717 207 1767 sola
217 1715 321 1770 Danais
330 1719 438 1773 Hector
447 1725 476 1770 et
485 1719 558 1770 hello
569 1733 660 1781 mora;

74 1785 136 1838 Non
146 1785 202 1835 tela
210 1779 318 1836 Paridis
329 1793 418 1850 certa3
429 1801 483 1836 ncn
493 1787 621 1842 Memnon
633 1788 706 1853 niger

73 1855 138 1906 Non
147 1851 273 1904 Xanthus
286 1856 369 1908 arnus
379 1870 496 1919 corpora
504 1855 633 1906 immixtis
644 1869 752 1920 gerens,
849 1853 857 1890 '·

73 1923 240 1988 Fluctnsque
253 1919 350 1974 Simois
362 1923 445 1977 caede
458 1938 608 1989 purpureos
619 1937 715 1990 agenn

78 1989 140 2040 Non
150 1990 228 2040 nivea
238 1990 327 2056 proies
340 1992 447 2056 Cycnus
459 1993 588 2058 aequorei
599 1992 657 2053 dei3

77 2056 104 2108 N
106 2071 142 2107 on
151 2055 280 2108 bellicoso
292 2057 413 2110 Thressa
425 2075 487 2112 cum
497 2059 589 2110 Rheso
599 2057 731 2126 phalam

77 2125 141 2198 Non
151 2125 226 2190 picta
235 2123 376 2192 pharetras
387 2134 415 2178 et
425 2129 581 2192 securigera
591 2142 672 2178 manu

77 2193 188 2246 Peltata
198 2193 333 2243 Amazoni
353 2193 424 2246 huuc
436 2195 507 2245 domi
520 2195 646 2245 reducem
659 2205 739 2260 paras

75 2262 213 2322 Mastane,
224 2267 252 2312 et
263 2277 322 2312 aras
333 2264 416 2315 caede
426 2263 564 2316 maculare
573 2261 673 2329 impiai

77 2330 291 2380 Uitrixinultum
303 2331 420 2384 Graecia
430 2331 483 2383 hoo
493 2331 598 2390 facinus
610 2330 698 2384 feroti
767 2351 770 2360 ¹
828 2331 879 2384 22⁰
972 2391 982 2404 ,

79 2399 172 2464 Equos
183 2404 211 2449 et
221 2414 297 2450 arma
308 2399 492 2467 classibusque
503 2399 617 2452 horrens
628 2399 727 2454 fretum

78 2467 221 2532 Propone,
233 2472 261 2517 et
270 2467 324 2519 alto
336 2470 466 2534 sanguine
477 2469 615 2520 exundans
625 2468 725 2532 solum,

79 2536 115 2585 Et
125 2539 188 2585 tota
198 2541 294 2602 captae
304 2535 363 2588 fata
373 2536 528 2590 Dardaniae
540 2537 636 2588 domus
696 2539 700 2545 '

74 2599 200 2668 liegesta
210 2601 325 2654 Danais!
348 2606 501 2670 Comprime
513 2606 637 2658 adiectus
648 2611 748 2666 truces,

76 2671 255 2741 Mentemque
266 2673 373 2726 tibimet
382 2674 443 2741 ipsa
453 2676 569 2742 pacifica
578 2672 665 2726 tuam!
