2076 3046
170 171 184 220 8
294 199 307 206 --
363 165 397 219 L.
414 163 571 218 ANNAEI
588 162 779 222 SENECAE

228 271 373 338 Errorque,
385 275 413 322 ct
421 270 449 320 io
458 284 487 321 se
498 267 606 336 semper
616 275 736 340 armatus
748 271 835 324 Furor

226 341 302 400 Hoc,
313 339 365 390 hoc
382 339 505 390 ministro
516 344 610 390 noster
620 344 714 390 utatur
724 339 810 390 dolor.

167 409 216 457 tou
227 408 348 474 incipite,
360 406 478 459 famulae
488 407 572 458 Bitias
583 406 723 459 ardentem
733 409 804 460 citae

227 477 370 527 Concutite
380 477 481 542 pinum,
493 481 521 526 et
532 489 630 544 agmen
639 473 804 528 horrendum
815 477 948 546 angurbus

131 575 140 592 a
225 544 356 610 Megaera
367 543 458 605 ducat,
470 550 551 612 atque
562 544 683 595 luctifica
692 559 773 596 manu

170 617 172 626 '
193 641 197 650 ·
224 611 340 662 vastam
349 627 418 678 rogo
429 610 561 679 flagrante
574 613 704 678 corripiat
715 612 833 665 trabem!

225 680 287 730 Hoc
298 680 370 746 agite
381 696 387 729 ε
399 694 501 746 poenas
511 681 597 746 petite
608 681 724 732 violatae
735 679 842 748 Stygis!

168 748 215 797 105
226 749 368 800 concutite
378 747 486 814 pectus!
497 750 587 800 acrior
597 755 715 801 mentem
725 755 874 817 excoquat,'

226 816 314 876 Quam
324 817 370 882 qui
381 817 491 867 camini
500 817 571 884 ignis
581 817 708 868 Aetnaeis
718 817 797 868 luritl
924 827 935 858 l

225 884 264 948 Ut
271 885 358 950 possit
368 885 485 935 animum
496 889 592 950 captus
602 884 708 936 Alcides
719 887 773 952 agi,
783 914 785 924 =

225 952 326 1018 Magno
337 951 429 1002 lurore
440 953 573 1017 percitus:
584 953 662 1004 nobis
673 955 747 1018 prius

226 1019 417 1070 lusanicndum
427 1025 478 1070 est.
515 1020 592 1082 luno,
604 1035 653 1070 cur
662 1021 781 1072 nondum
791 1021 877 1076 luris?

169 1089 217 1138 110
228 1087 288 1148 Me,
300 1103 356 1150 me,
368 1101 490 1148 sorores,
503 1092 593 1140 mente
605 1087 739 1142 deiectam
748 1095 811 1140 mea

227 1153 343 1206 versate
354 1155 476 1221 primam,
487 1153 579 1205 facero
589 1157 613 1204 si
623 1155 768 1222 quidquam
780 1157 883 1223 adparo

226 1223 344 1289 Dignum
355 1227 482 1272 noverca„
517 1223 575 1272 lam
586 1222 650 1272 odia
660 1228 799 1275 mutentur
808 1241 870 1277 mea

227 1289 332 1341 Gnatus
342 1304 467 1341 reversus
477 1289 570 1340 videat
580 1291 742 1354 incolumes,
754 1307 865 1358 precor,

225 1359 363 1424 Manuque
372 1357 451 1409 fortis
461 1357 565 1409 redeat.
600 1358 789 1422 Inuenidiem,

167 1427 216 1476 115
228 1427 380 1494 invisaque
391 1440 441 1477 nos
451 1425 579 1477 Herculis
589 1427 674 1477 virtus
684 1428 771 1478 iuret:

225 1495 271 1545 Me
283 1495 386 1560 pariter
396 1499 424 1545 ct
434 1508 466 1544 se
474 1495 579 1555 vincat,
591 1499 619 1545 et
630 1497 722 1562 cupiat
732 1499 803 1548 mori

226 1563 265 1614 Ab
275 1562 372 1616 Inferis
383 1577 515 1614 reversus.
551 1563 606 1614 llio
617 1565 703 1629 prosit
714 1563 778 1614 mihi
784 1602 794 1625 ,

228 1633 291 1682 love
302 1646 362 1682 esse
372 1631 501 1698 genitum.
538 1628 638 1691 stabo,
649 1638 689 1694 ct,
701 1639 733 1682 ut
743 1639 819 1683 certo
831 1643 931 1686 exeant

227 1699 333 1750 Emissa
343 1713 427 1748 nervo
437 1698 506 1759 tela,
516 1697 621 1749 librabo
632 1714 754 1762 manum,

169 1768 218 1816 12⁰
227 1767 330 1833 Regum
340 1765 455 1817 furentis
466 1780 554 1827 arma,
565 1769 696 1833 pugnanti
706 1769 818 1819 Herculi

229 1835 352 1885 Tandem
363 1833 470 1885 favebo.
506 1831 615 1886 Scelere
627 1835 750 1900 perfecto
761 1837 827 1888 licet
917 1869 919 1875 »

227 1903 359 1953 Admittat
368 1902 429 1956 illas
437 1901 544 1970 genitor
554 1903 582 1952 in
593 1903 698 1953 coelum
708 1919 812 1956 manus.

296 1970 432 2021 Movenda
442 1971 497 2021 iam
508 1975 570 2020 eunt
579 1970 662 2022 bella:
675 1971 801 2025 clarescit
810 1971 884 2035 dies,

228 2039 351 2106 ortuque
360 2040 444 2091 'litun
452 2037 558 2090 lucidus
570 2053 669 2092 croceo
680 2039 763 2092 subit.

306 2189 475 2237 effosus
497 2189 821 2248 subamarum.

225 2267 334 2313 cronno
350 2267 463 2314 Thebanis
479 2284 495 2312 a
511 2270 661 2324 demptione
673 2279 738 2314 ortus
756 2273 810 2325 diei,
829 2283 968 2329 mmmm

168 2336 234 2368 carras
247 2323 364 2381 studiaque
378 2329 485 2374 damnat,
504 2323 622 2368 Herculem
632 2327 743 2370 audaciae
757 2327 905 2374 dololoribus
915 2336 967 2376 sub·

167 2378 242 2422 enodis
262 2385 343 2430 rasae,
365 2380 428 2424 ultae
451 2378 542 2436 denique
561 2379 652 2424 bannilis
670 2383 753 2427 laudat
772 2385 967 2443 oaopmllltatem

168 2441 283 2492 aptatum·
730 2477 733 2482 .

169 2521 216 2572 125
286 2520 428 2572 lami-ara
438 2520 540 2570 micant
549 2521 638 2573 sidera
649 2533 734 2588 prono

224 2587 367 2654 Languida
377 2588 493 2652 mund03
502 2603 557 2640 nox
566 2591 639 2642 victa
649 2605 734 2658 vagos

227 2654 369 2707 contrahit
379 2657 455 2725 ignes
465 2657 526 2708 luce
536 2663 645 2721 renat&
