2076 3046
160 182 192 230 a
341 178 376 231 u.
402 177 557 257 anunm
586 155 780 232 serrone

219 295 287 334 rtur
295 296 324 334 r.
340 279 544 334 Exlrorruistisl
555 281 696 332 Hactenus
708 283 787 332 sistat
797 281 903 345 nelassx

159 350 348 402 mortuaest.
369 359 469 401 cnon.
481 351 520 400 rin
531 349 604 400 ultra
613 351 699 400 maius
711 355 759 400 aut
769 353 890 416 atrocius
928 401 931 406 .

218 419 326 470 Natura
336 417 449 486 recipit?
467 417 566 468 ndns.
578 416 693 469 Sceleris
700 415 856 470 hunohnem
862 419 965 486 putasl

221 487 330 539 Gradus
340 493 391 539 est.
405 486 660 548 custoditurus
670 485 775 552 potuitt
786 487 966 538 Abiecitieris

219 555 363 607 Lanianda
373 555 468 606 forsan
480 569 611 622 corpora,
623 559 705 620 atque
716 555 778 622 igne
790 557 886 606 arcuit.

219 637 287 675 nur
294 637 322 674 r.
340 625 449 676 Utinam
460 621 966 689 arcuisset!Netegatfunotoshumus‚

160 694 210 742 75⁰
221 692 264 744 Ne
275 692 363 743 solvat
373 693 456 758 ignis,
469 692 563 743 aribus
574 691 724 758 epulandos
735 691 799 742 lieet

218 761 349 828 Ferisque
360 763 439 811 triste
451 760 581 826 pabulum
591 760 680 810 saeris
691 758 791 810 trahat.

219 829 325 880 Votum
335 835 378 880 est
387 829 437 880 sub
449 827 501 880 hoc
507 865 514 891 ,
527 829 600 896 quod
612 844 672 880 esse
684 828 845 894 supplicium
857 827 942 880 solet:

218 897 304 948 Pater
315 898 467 963 insepultos
479 903 595 964 spectet.
632 897 655 947 Ο
666 897 739 946 nullo
750 897 839 947 scelus

221 965 355 1016 Credibile
364 967 392 1016 in
404 981 486 1028 aero,
499 965 625 1033 quodque
635 966 783 1031 posteritas
794 970 876 1031 neget

159 1032 208 1085 155
219 1033 326 1100 Erepta
335 1035 401 1085 siris
411 1039 476 1086 exta
485 1033 642 1102 pectoribus
652 1038 785 1094 tremunt,

220 1100 384 1172 Spirantque
396 1117 495 1166 terrae,
507 1116 608 1170 corque
620 1099 708 1152 adhuc
719 1101 847 1167 pavidum
858 1099 930 1152 salit.

218 1171 254 1220 nt
262 1170 307 1221 ille
318 1172 401 1222 libras
412 1177 527 1232 tractat,
540 1185 572 1220 ao
583 1170 642 1220 fata
652 1170 772 1236 inspicit,

218 1238 257 1288 Et
267 1236 356 1290 adhuc
368 1239 488 1291 calentes
498 1240 632 1289 viscerum
643 1252 727 1288 venas
738 1243 825 1288 notat.

218 1306 287 1358 Post
307 1323 370 1358 uam
379 1305 486 1358 hostiae
497 1307 637 1375 placuere:
648 1321 761 1358 securus
773 1310 854 1356 vacat

137 1429 144 1438 ¹
159 1370 279 1424 ‘idolam
289 1323 382 1426 dustria
393 1375 489 1442 epulis.
522 1376 585 1440 lpse
598 1373 713 1425 dim'sum
722 1381 799 1426 secat
920 1364 924 1374 ¹

220 1443 252 1492 ln
262 1443 385 1494 membra
397 1458 510 1512 corpus:
522 1448 646 1509 amputat
654 1448 752 1494 trunco
762 1448 843 1494 tenus

219 1511 356 1562 Humeros
368 1517 493 1578 patentes
504 1517 532 1563 et
541 1511 707 1564 lacertorum
717 1527 821 1573 moras,

218 1577 348 1630 Denudat
359 1587 435 1632 artus
447 1580 520 1632 dirus
533 1585 614 1648 atque
627 1594 690 1630 ossa
701 1586 838 1646 amputat;

218 1648 340 1698 'rantum
350 1664 399 1699 ora
410 1655 502 1700 serrat
512 1653 541 1698 et
551 1649 629 1699 datae
639 1649 818 1700 fideimanus.

157 1714 208 1764 ‘ldd
222 1716 299 1767 llaec
310 1718 427 1768 verubus
438 1715 552 1782 haerent
562 1717 683 1780 viscera,
696 1721 724 1766 et
734 1717 814 1768 lentis
825 1713 890 1766 data

220 1782 330 1834 Stillant
341 1787 466 1849 caminis3
477 1785 524 1835 illa
534 1783 688 1834 flammatus
699 1784 787 1846 latex,

220 1852 360 1904 Oarrdente
371 1852 474 1916 aheno,
485 1855 579 1909 iactat.
615 1852 761 1916 Impositas
773 1853 857 1918 dapes

220 1918 371 1972 Transiluit
381 1923 450 1989 ignis
456 1958 464 1984 ,
474 1923 556 1988 inque
568 1920 736 1986 trepidantes
746 1920 824 1972 locos
840 1917 843 1922 '

218 1981 267 2038 Bis
279 1994 322 2040 ter
331 1996 456 2057 regestus
468 1997 496 2041 et
506 1989 564 2056 pati
574 1989 663 2040 iussus
670 2004 792 2051 moram,

158 2057 210 2121 ild
221 2058 324 2112 inritus
335 2059 421 2114 ardet.
458 2056 554 2110 Stridit
563 2057 592 2108 in
603 2057 721 2110 verubus
730 2059 818 2121 iecur3

219 2125 279 2177 Neo
288 2126 368 2180 facile
380 2127 482 2190 dicam,
494 2141 613 2193 corpora
623 2142 658 2177 an
668 2125 793 2178 flammae
803 2132 926 2194 gemant.

221 2195 366 2248 Gemuere.
401 2196 501 2248 Piceos
509 2197 579 2263 ignis
589 2197 617 2246 in
628 2194 718 2246 fumos
730 2195 801 2259 abin

220 2265 257 2314 Et
267 2266 325 2332 ipse
337 2264 439 2328 sumtis,
451 2267 537 2316 tristis
549 2279 582 2315 ae
592 2263 691 2316 nebula
701 2265 805 2332 gravis,

218 2331 282 2383 Non
293 2341 384 2386 rectus
396 2335 465 2396 exit,
478 2349 560 2401 seque
572 2334 599 2384 in
611 2332 749 2384 excelsum
759 2331 852 2384 leram

160 2401 213 2450 l'ld
223 2403 300 2467 ipsos
311 2408 424 2468 penates
434 2403 505 2455 nube
516 2400 631 2452 deformi
642 2399 757 2454 obsidet.

221 2469 244 2519 0
255 2469 364 2522 Phoebe
375 2472 495 2538 patiens,
505 2471 607 2537 fugeris
618 2474 693 2522 retro
703 2469 781 2531 lieet,

221 2539 365 2608 llledioque
374 2546 484 2605 ruptum
495 2539 620 2590 merseris
631 2538 708 2590 coelo
720 2537 804 2600 diem,

221 2605 288 2658 Sero
301 2609 433 2660 occidisti.
452 2607 587 2658 Laneinat
597 2612 695 2674 gnatos
706 2611 798 2673 pater,

219 2678 352 2746 artusque
363 2675 466 2728 mandit
476 2689 523 2730 ore
534 2673 642 2728 lunesto
653 2689 726 2728 suos.
837 2671 848 2678 “
