2070 3060
177 211 234 266 320·
277 262 281 270 ,
365 205 400 261 L.
435 205 592 260 dNNdEi
611 203 804 259 SENECAE

252 313 427 379 Reddamque
437 308 534 362 vitam!
555 309 626 361 Fata
637 323 671 360 an
682 307 881 370 extendentes,

252 382 439 448 Montemque,
452 380 564 441 coniux,
576 378 611 430 ad
621 383 684 432 tuas
692 391 772 430 servo
784 376 897 428 manus!

253 449 385 503 virtusne
396 447 636 515 superuenitque,
647 453 677 499 et
687 451 810 498 armatae
819 459 919 497 manus

192 515 243 571 tte
254 519 399 571 Intendere
411 531 504 588 ereum
515 517 571 568 tela
580 517 724 567 missurum
733 515 839 577 valent3

253 589 294 638 An
305 601 381 638 nme
391 589 511 648 cessent,
523 591 605 652 teque
613 584 754 652 languenti
763 598 845 634 manu

253 655 315 708 Non
327 655 402 706 audit
412 653 510 706 arcus!
530 653 558 704 Si
570 659 662 720 potest
671 653 756 704 letum
767 651 848 702 dare:

254 725 395 784 Animosa,
408 723 524 784 coniux,
536 719 678 773 dexterum
691 725 808 787 expecto
817 725 911 770 tueme

253 792 331 842 Mors
341 790 490 841 differatur.
525 791 644 857 Frange,
655 795 686 840 ut
695 790 832 840 insontem
842 787 970 854 Licham

195 859 246 912 98⁰
254 860 327 910 Alios
337 859 364 909 in
374 859 456 910 nrbes
466 873 577 926 sparge,
590 863 619 910 et
628 859 752 925 ignotum
761 857 811 908 tibi
1016 874 1017 904 n

255 929 358 979 Emitte
368 929 397 977 in
408 926 514 979 orbem!
535 922 919 994 perde,utArcadineneias,
1016 931 1017 944 ²

255 997 293 1046 Et
304 995 433 1064 quidquid
445 995 518 1047 eliud
528 993 641 1046 restitit!
661 995 701 1046 nb
712 995 765 1045 illis
775 999 876 1056 temen,

255 1065 369 1126 Coniux,
380 1063 483 1116 redisti.
501 1078 578 1115 usu.
588 1064 675 1115 Parce
685 1065 749 1125 iam,
759 1067 856 1124 mater,
870 1074 988 1130 precere

256 1131 458 1201 lgnoseeiatisl
479 1129 784 1198 Erroraculpavaeat'

197 1201 248 1254 985
260 1215 279 1252 n
287 1215 375 1252 ειη.
386 1199 415 1252 Si
425 1217 491 1253 vera
501 1203 597 1268 pietas,
604 1201 696 1266 Hylle,
707 1198 864 1268 quaerenda
874 1199 987 1250 esttibi:

257 1270 316 1320 lem
326 1271 428 1335 perime
439 1268 566 1320 matrem!
583 1267 687 1319 Pavido
697 1269 761 1336 quid
771 1269 862 1320 renuit
871 1267 987 1321 manus!

258 1337 330 1400 Quid
342 1353 390 1388 ora
399 1337 503 1390 flectis?
515 1339 576 1389 Hoc
587 1338 639 1388 erit
649 1338 737 1404 pietas
748 1336 846 1388 noetus.

258 1407 374 1474 ignave,
386 1406 510 1459 dubitant
529 1405 676 1458 Herculem
687 1407 774 1472 eripui
785 1405 848 1468 ttbi;

261 1475 353 1539 Haec,
362 1473 432 1527 haee
443 1477 559 1544 peremit
570 1475 680 1538 dextra,
692 1476 736 1526 oui
747 1473 830 1526 debes
840 1475 919 1541 patri

200 1543 251 1596 990
261 1545 347 1594 Arum
358 1546 520 1596 Tonantem.
555 1545 645 1594 Maius
656 1543 742 1611 eripui
753 1543 845 1606 decus,

261 1611 349 1673 Quam
358 1611 419 1664 luce
429 1613 520 1664 tribui.
555 1611 584 1663 st
594 1613 642 1663 tibi
652 1613 774 1680 ignotum
785 1618 826 1663 et
836 1609 933 1664 netast

259 1680 280 1729 Α
291 1685 379 1730 matre
390 1681 473 1732 disee.
509 1679 564 1732 Seu
583 1681 633 1731 tibi
644 1681 736 1749 iugulo
747 1681 837 1748 placet

261 1747 390 1800 Meruisse
399 1747 514 1812 ferrum,
526 1750 582 1800 sive
592 1756 744 1800 nnaternum
755 1749 823 1800 libet

261 1815 392 1867 invadere
402 1823 523 1868 uterum:
534 1824 623 1869 nnater
631 1818 795 1884 intrepidum
806 1814 857 1868 tibi

201 1884 252 1938 995
262 1882 410 1939 Praebebit
420 1886 546 1937 animum.
567 1885 629 1938 Non
640 1888 692 1938 erit
702 1891 791 1938 totum
801 1884 891 1937 scelus

262 1953 284 2002 Α
295 1957 323 2004 te
333 1958 487 2020 peractum:
499 1955 611 2005 dextera
622 1960 728 2010 sternar
737 1961 794 2018 tua,

263 2019 317 2072 Sed
328 2027 419 2074 mente
429 2028 532 2074 nostra.
570 2023 676 2076 Gnatus
687 2024 796 2075 Aloidae
805 2019 905 2074 times!

262 2091 307 2141 lta
316 2091 390 2142 nulle
400 2105 515 2160 peragas
526 2095 613 2154 iussa,
625 2106 676 2143 nee
686 2091 814 2160 frangens
825 2092 899 2143 nnsis

200 2161 204 2165 '
262 2159 346 2211 Erres
356 2175 406 2227 per
417 2161 524 2222 orbem
537 2163 559 2213 si
570 2177 624 2226 qua
634 2167 761 2214 nascetur
771 2161 842 2212 fera:

186 2225 377 2279 resonarem
387 2235 536 2295 parentem.
572 2228 720 2280 Dexteram
730 2228 893 2297 intrepidam
907 2228 992 2296 paral

261 2294 344 2346 Patet
354 2297 432 2348 ecoe!
455 2298 561 2364 plenum
572 2303 668 2363 peetus
679 2300 828 2351 aerumnis:
839 2295 903 2348 ieri.

264 2361 357 2414 Scelus
367 2367 486 2416 remitto.
519 2365 658 2418 Dexterae
669 2374 782 2433 parcent
791 2373 855 2418 tuae

261 2431 425 2484 Eumenides
437 2436 520 2500 ipsae.
556 2433 708 2486 Verborum
721 2437 826 2502 crepuit
835 2433 935 2486 sonus!

265 2500 405 2562 Quaenam
415 2504 482 2565 ists,
493 2508 623 2570 torquens
634 2519 721 2570 angue
731 2506 842 2571 vipereo
854 2517 979 2567 comam,

189 2568 255 2618 1⁰⁰5
268 2569 450 2634 Temporibus
459 2575 533 2622 atras
544 2571 672 2639 squalidis
683 2573 778 2638 pinnas
789 2569 893 2640 quetiti

266 2637 337 2697 Quid
348 2637 407 2687 dire
416 2653 459 2690 me
470 2637 603 2706 flagrante
614 2643 784 2708 persequeris
795 2641 856 2692 fece

265 2705 410 2772 nupserat
430 2707 538 2762 Poenas
545 2710 636 2776 poscis
647 2708 773 2762 Aloidaet
793 2709 882 2764 Dabo.
