2086 3048
151 203 201 256 ns
235 231 242 262 2
357 199 391 251 n.
419 175 577 250 lunser
606 193 795 251 snuncnu

210 317 311 357 rura.
330 301 398 370 Spes
408 301 494 364 nulla,
505 304 612 353 tantum
621 315 702 366 posse
711 300 790 354 leniri
800 301 915 366 malum

209 375 337 440 Finisque
349 371 462 422 flammis
473 369 560 426 nullus
569 371 669 422 insanis
681 371 741 420 erit.

211 445 346 494 Terretur
356 446 435 493 aestu
445 440 544 500 tacito,
556 444 584 490 et
593 439 713 490 inclusus
725 452 842 506 quoquc,

211 511 339 572 Quamvis
349 514 473 577 tegatur,
485 507 609 574 proditur
619 507 694 558 vultu
704 506 795 570 furor3

151 581 201 632 365
212 579 338 644 Erumpit
351 578 436 628 oculis
447 577 530 644 ignis,
541 583 569 628 et
578 577 671 642 lapsae
681 591 768 642 genae

213 647 317 699 Lucem
327 641 477 698 recusant!
498 643 571 696 Nihil
580 645 652 696 idem
664 645 762 696 dubiae
772 643 873 710 placat,

148 766 149 770 ,
211 719 345 782 litusque
356 715 522 765 varieiactat
531 713 743 764 incertusdolcr.

213 784 290 835 Nunc
297 821 304 845 ‚
311 789 343 840 ut
352 783 442 834 solutu
448 818 456 844 ,
465 782 578 844 labitur,
588 783 707 832 moriens
718 779 814 848 gradu,

212 853 299 904 Etvix
308 852 418 902 labante
427 851 542 902 sustinet
554 850 624 904 collo
637 855 734 915 caput5

152 920 290 976 troliano
301 935 330 972 se
341 921 425 987 quieti
436 919 538 982 reddit,
550 924 578 971 et
589 920 676 970 somni
687 919 829 970 immemor

211 989 328 1042 Noctem
338 987 453 1056 querelis
465 987 548 1038 ducit.
582 987 769 1048 accumbet,

213 1059 367 1124 lterumque
378 1058 457 1124 poni,
473 1071 585 1122 carpum
597 1061 625 1108 et
635 1055 704 1108 solvi
714 1067 816 1115 cumas,

213 1128 368 1192 Rursusque
378 1125 452 1193 fingi.
488 1123 602 1190 Semper
612 1125 756 1189 impatiens
766 1123 810 1172 sui

213 1197 337 1246 Mutatur
348 1192 465 1244 habitus.
501 1191 581 1242 Nulla
590 1193 645 1242 iam
657 1193 762 1242 Cereris
773 1190 846 1242 subit

72 1271 77 1279 ’
141 1263 203 1330 ‘315
216 1265 301 1324 cura,
312 1267 359 1312 aut
369 1261 472 1312 salutis.
508 1259 593 1310 Vadit
602 1260 708 1310 incerto
719 1257 798 1324 pede,

214 1335 270 1383 lam
282 1330 383 1380 viribus
395 1325 521 1380 delecta„
547 1327 608 1378 Nun
618 1327 690 1378 idem
700 1329 787 1394 vigor,

213 1399 274 1451 Non
286 1413 335 1449 ora
344 1399 451 1466 tingens
462 1395 547 1446 nitida
558 1411 709 1463 purpureus
720 1395 817 1446 rubor:

213 1467 364 1534 Populatur
374 1471 449 1516 artus
462 1479 539 1529 cura3
550 1467 603 1515 iam
614 1480 724 1532 gressus
734 1469 856 1516 tremunt

77 1595 80 1600 ¹
215 1539 358 1603 Tencrque
370 1534 447 1584 nitidi
458 1535 579 1600 corporis
591 1533 690 1586 cecidit
699 1533 797 1597 decan

154 1606 204 1656 380
218 1606 265 1667 ut,
276 1605 321 1671 qui
331 1603 455 1655 ferebant
466 1603 543 1671 signa
554 1601 699 1655 Phoebeae
709 1600 788 1664 facis,

213 1672 293 1724 Ocull
302 1671 367 1723 nihil
378 1672 478 1740 gentile
488 1687 539 1725 nec
550 1673 667 1738 patrium
678 1671 787 1724 micant.

212 1742 356 1792 Lacrimae
368 1741 469 1790 cadunt
478 1755 528 1806 per
539 1756 601 1802 ora,
611 1745 639 1791 ct
649 1739 762 1791 adsiduo
774 1751 861 1807 genae

215 1811 286 1860 Rore
296 1810 456 1876 irrigantur,
467 1809 583 1876 qualiter
594 1810 680 1860 Tauri
690 1809 760 1874 iugis

213 1879 255 1928 Te
274 1877 320 1928 ido
331 1877 492 1928 madescunt
502 1877 588 1929 imbre
598 1892 745 1944 percussae
756 1877 839 1928 nives.

151 1946 201 2000 385
215 1893 282 2006 Sal,
293 1960 340 2008 en,
352 1951 496 2012 patescunt
506 1948 598 2013 regiae
609 1945 730 2014 fastigia!

212 2013 330 2068 Reclinis
340 2015 401 2082 ipsa
411 2013 483 2066 sedis
495 2021 606 2066 auratae
617 2021 679 2066 turc

214 2082 315 2134 Solitos
326 2083 440 2134 annicius
449 2089 541 2135 mente
553 2099 606 2135 non
617 2097 685 2135 sana
695 2079 797 2133 abnuit

214 2165 265 2202 ru.
277 2151 577 2215 Removete‚famulac,
603 2147 952 2218 urpuraatqueauroillitas

213 2219 325 2271 Vestes!
347 2220 443 2286 procul
454 2223 489 2271 sit
499 2169 609 2273 muricls
621 2219 699 2286 Tyrii
708 2219 800 2282 rubor,

153 2287 204 2339 390
217 2289 292 2350 Quae
304 2289 350 2339 lile
359 2291 440 2340 sannis
452 2289 538 2340 ultimi
550 2289 630 2342 Seres
640 2289 746 2357 legunt:

213 2357 309 2408 Brevis
321 2357 463 2424 expeditos
474 2371 545 2410 zona
556 2359 725 2426 constringat
735 2356 817 2410 sinus.

214 2425 311 2476 Cervix
321 2427 413 2478 monili
424 2442 523 2491 racua3
534 2441 585 2478 nec
595 2428 689 2478 niveus
700 2427 768 2494 lapis

134 2533 137 2542 .
214 2492 341 2545 Deducat
350 2509 442 2558 aures,
453 2495 539 2546 lndici
548 2495 648 2547 donum
658 2497 749 2547 maris.

214 2561 306 2614 Odore
318 2563 399 2613 crinis
409 2577 519 2630 sparsus
530 2566 642 2632 Assyrio
652 2571 745 2620 vacet:

153 2629 206 2682 395
219 2627 263 2682 Sic
273 2636 376 2682 temere
385 2632 475 2686 mutae
487 2634 557 2702 colla
565 2633 729 2702 perfundant
740 2647 835 2684 comae

214 2699 404 2771 Humcrcsquc
415 2716 548 2770 summum
560 2704 682 2760 cursibus
693 2707 784 2758 motas
796 2703 856 2755 citis
