2076 3046
263 145 541 208 rrroanrssnu.
575 157 703 211 acar.
841 162 873 214 et

54 253 88 304 ln
98 254 196 320 plana
203 253 310 308 tenuior
331 257 410 308 rado.
443 257 598 325 Praerupta
610 260 732 327 adpetiti
750 265 755 280 '

58 323 127 374 Non
141 323 240 386 obsto,
251 326 300 378 sed
310 327 454 394 praecedo.
492 329 594 390 Quouis
606 336 681 384 utere

59 392 147 443 Duce
161 391 219 443 me!
239 395 354 447 Ducibus
365 398 451 448 omnis
462 395 572 466 eligitur
582 399 633 450 via.
839 402 872 454 ot

60 461 167 512 Perire
178 462 236 514 sine
246 479 290 516 me
301 480 354 516 non
363 471 460 532 potes,
472 482 578 519 mecum
584 475 675 535 potee-

7 585 9 606 Ι
60 531 117 581 liic
131 529 192 581 alta
203 547 285 599 rupee
296 534 381 586 arduo
393 537 567 604 surgitiugo,

7 609 9 674 j
63 597 240 668 spectatque
252 603 332 670 longe
343 605 433 671 spatia
442 605 556 656 subiecti
563 607 663 670 maris-3

64 675 114 725 Via
126 671 204 723 hanc
215 671 355 737 petamusi
376 671 471 726 Nudus
482 673 526 724 hic
537 675 637 740 pendet
647 677 724 730 cilex.

63 745 119 794 Hic
131 742 311 793 sciscatcllus
322 740 447 794 faucibus
459 742 627 810 ruptisihiat3
839 747 872 796 id

63 815 114 864 Vis
125 811 203 862 hanc
214 809 355 876 petamuet
370 811 423 861 Hic
433 827 519 889 rapax
529 817 635 866 torrens
648 813 735 876 eadit,

63 884 221 947 partesque
231 880 301 946 lapsi
310 881 409 931 montis
420 891 517 932 exesas
527 887 616 944 rotate

8 943 9 978 ³
63 948 314 1002 inhuncruamua.
349 947 710 1017 Dumprior,'quoris‚eo·;

7 1061 12 1069 .
63 1019 127 1070 Non
138 1019 289 1086 deprecor,
300 1031 354 1068 non
364 1015 468 1069 hortor.
504 1019 632 1086 Extirigui
645 1022 733 1086 cupis,

63 1089 240 1154 votumque,
250 1088 372 1154 genitor,
383 1089 530 1138 maximum
541 1103 615 1139 more
626 1096 669 1140 eat
678 1089 744 1140 tibio
833 1091 870 1140 '75

63 1157 93 1208 Si
103 1157 238 1218 moreris,
251 1155 398 1220 anteced03
409 1157 431 1206 si
443 1157 524 1218 vivia,
535 1171 643 1224 sequor.
836 1165 839 1170 '

63 1226 119 1278 Sed
131 1225 214 1276 flecte
225 1230 358 1286 mentem,
369 1230 466 1290 pectus
476 1226 614 1292 antiquum
626 1225 746 1288 advoca,

64 1292 217 1361 victasque
228 1308 327 1360 magno
336 1293 436 1344 robore
448 1308 591 1344 aerumnas
603 1291 695 1346 domd!

64 1365 189 1415 Resistet
201 1363 324 1412 tandein
331 1363 411 1412 malis
421 1363 493 1412 vinci
503 1363 573 1413 mori
583 1370 632 1414 ent.

66 1446 165 1483 onore.
177 1429 288 1482 Unde'in
299 1429 418 1481 nefanda
427 1432 565 1497 specimen
577 1431 714 1500 egregium
727 1432 825 1484 domui
837 1435 870 1484 8⁰

66 1501 143 1554 Unde
153 1502 209 1552 ista
218 1501 312 1568 generi
318 1500 394 1568 virgo
405 1499 539 1551 dissimilis
550 1499 617 1551 suot

65 1572 198 1632 Fortuna,
211 1567 317 1620 crediti
338 1568 433 1636 aiiqrds
446 1574 533 1620 estex
543 1583 586 1620 me
597 1571 664 1636 pina

68 1639 129 1690 Non
139 1643 214 1690 esset
223 1651 344 1704 unquam
356 1637 426 1700 (fata
435 1638 505 1689 bene
516 1638 678 1702 novimen),

68 1707 126 1760 Nisi
136 1713 168 1758 ut
179 1711 301 1758 noceret.
329 1707 401 1773 *Ipsa
411 1721 441 1758 se
451 1707 479 1756 in
489 1707 564 1774 leges
575 1721 659 1758 novas

67 1775 173 1828 Natura
183 1779 284 1838 vertet,
296 1781 406 1840 regeret
413 1776 441 1825 in
453 1774 556 1826 iontem
569 1775 636 1827 citat
836 1780 869 1830 85

68 1845 216 1898 Revoiutua
227 1843 313 1897 undas
325 1845 423 1906 amnis,
435 1849 463 1894 et
473 1851 582 1896 noctem
594 1841 701 1897 adferet

68 1914 197 1968 Phoebea
207 1914 324 1979 lampas,
335 1913 475 1980 Hesperus
486 1911 570 1964 faciet
582 1913 660 1964 diern.

69 1985 103 2034 Ut
114 1983 149 2034 ed
159 1983 282 2034 miseriae
289 1980 390 2050 ,aliquid
401 1981 517 2032 accedat
527 1997 615 2044 meae,

69 2053 109 2104 Pii
121 2066 227 2120 quoque
239 2051 348 2102 erimus.
383 2050 470 2101 Unica
482 2048 641 2115 Oedipodae
652 2055 694 2100 cet
704 2048 777 2101 taluc

69 2121 129 2172 Non
138 2136 197 2172 esse
209 2120 321 2170 salvum.
356 2119 455 2170 Liceat
464 2119 557 2169 ulcisci
569 2123 674 2184 patrem
834 2121 867 2174 90

69 2189 159 2242 Adhuc
169 2188 292 2240 inultum.
326 2187 445 2249 Dextra,
458 2187 521 2255 quid
531 2201 622 2238 cessae
632 2189 704 2239 incra

70 2260 184 2326 Exigere
194 2255 313 2324 poenas?
335 2256 471 2324 Quidquid
482 2261 609 2308 exactum
620 2261 662 2308 est
673 2255 773 2322 adhuc,

71 2327 149 2379 Matri
161 2327 267 2378 dedisti.
303 2326 383 2376 Mitte
394 2326 525 2392 genitoris
532 2341 645 2376 vmanunt

72 2397 194 2448 ammosa
203 2397 294 2462 ringo:
305 2393 385 2446 funus
396 2393 519 2446 extendis
531 2410 619 2446 meunt
626 2433 634 2459 ,

71 2465 230 2532 Longosque
241 2465 294 2515 vivi
314 2463 389 2516 ducis
400 2465 529 2531 exequias
539 2465 633 2532 patrio.
832 2467 865 2519 et

74 2533 214 2601 Aliquando
225 2538 301 2583 terra
311 2547 408 2600 corpus
420 2534 534 2584 inrisum
546 2532 620 2602 tege'!

74 2603 170 2656 Peccas
180 2601 296 2654 honeste
306 2608 408 2664 mente;
420 2603 550 2668 pietatem
560 2617 657 2665 vocae,

74 2671 178 2726 Patrem
188 2670 351 2739 insepultum
362 2669 479 2722 trahere.
517 2671 568 2734 Qui
581 2673 655 2739 cogit
666 2676 733 2726 nrori
773 2703 784 2713 -
