2064 3054
215 207 425 262 auauiEMN
432 209 494 264 ΟΝ.
529 213 618 271 ACT.
636 217 682 268 lll.

40 316 143 368 Satiate
155 317 238 366 tantis
249 313 392 374 coelitum,
407 313 517 363 tandem
527 319 605 366 tuum

40 385 144 438 Numen
156 381 266 437 serena!
289 381 416 432 Cladibus
426 383 527 432 nostris
539 383 618 434 daret

41 453 92 508 Vel
103 455 189 504 'l'roia
198 452 334 502 lacrimas.
366 449 437 500 Odia
448 451 470 499 si
482 450 580 501 durent
591 459 648 517 tua,

41 523 188 590 placetque
199 521 271 570 mitti
281 517 414 569 Doricum
425 519 509 569 exitio
519 535 618 586 genus:

43 592 114 654 Quid
124 590 175 642 hos
185 589 266 641 simul
276 589 366 654 perire
376 587 517 638 nobiscum
528 589 616 652 iuvat,'

42 661 145 723 Quibus
156 655 292 726 perimusl
313 655 409 708 Sistito
419 655 548 708 infestum
558 673 648 710 maret

5 785 6 790 ,
40 728 124 783 Vehit
132 729 188 778 ista
198 726 309 778 Danaos
322 724 433 777 classlsi
455 731 483 778 et
495 727 585 778 Troas
595 727 697 780 vehit.“

39 799 98 850 Nec
109 797 188 864 plura
197 799 323 861 possunt:
335 800 453 862 occupat
463 811 556 848 vacem
569 811 654 851 mare.

39 869 113 920 Ecce
125 866 179 916 alia
190 863 293 914 clades!
314 863 425 916 fulmine
436 861 497 915 ilati
510 867 581 916 loris

39 939 152 988 Armate
163 932 269 993 Pallas,
281 933 410 1000 quidquid
422 940 469 984 aut
484 932 564 985 hasta
573 936 677 1002 minax,

38 1006 92 1055 Aut
102 1002 199 1071 aegide
211 1007 238 1052 et
249 999 342 1053 furore
360 1003 507 1068 Gorgoneo
519 1009 620 1070 potest,

39 1075 94 1124 Aut
102 1074 165 1138 igne
176 1071 280 1136 patrio,
291 1075 394 1120 tentat:
406 1077 434 1120 et
445 1071 522 1122 coelo
534 1087 622 1122 novae

40 1139 151 1206 Spirant
163 1138 307 1206 procellae.
344 1137 424 1189 Solus
434 1139 550 1191 innotus
561 1141 639 1192 malis

38 1208 176 1260 Laetatur
185 1208 261 1258 Aiax.
297 1205 522 1276 Velaeogentem
533 1207 604 1260 hunc
616 1225 666 1261 sua

40 1278 134 1328 Tenso
146 1276 261 1328 rudente
269 1275 383 1336 ,flamma
392 1279 553 1343 perstrinxit
565 1279 675 1330 cadens

38 1345 171 1398 Libratur
181 1345 254 1396 aliud
264 1343 380 1411 fulmen;
391 1345 445 1398 hoc
456 1352 516 1400 toto
527 1349 632 1412 impetu

42 1416 153 1464 Certum
167 1415 283 1466 reducta
292 1415 384 1468 Pallas
396 1416 517 1466 excussit
526 1429 619 1476 manu,

38 1483 149 1534 imitata
159 1489 274 1550 patrem.
311 1485 424 1534 Transit
438 1483 547 1534 Aiacem
559 1488 587 1532 et
595 1489 693 1546 ratem,

38 1552 170 1618 Ratisque
180 1543 292 1618 partem*
299 1567 392 1603 secum
403 1557 431 1604 et
443 1551 552 1601 Aiacem
563 1549 633 1601 tulit.

38 1619 86 1670 Nil
95 1619 139 1671 ille
149 1625 249 1683 motus,
262 1621 348 1672 ardua
357 1626 389 1671 ut
400 1625 494 1672 cautes
500 1619 578 1682 ,salo

38 1687 184 1740 Ambustus
196 1695 286 1752 extat,
298 1689 400 1740 dirimit
410 1691 534 1740 insanum
545 1703 631 1752 mare,

36 1758 204 1825 Fluctusque
215 1759 448 1825 rumpitpectore,
461 1764 489 1810 et
499 1773 595 1809 navem
606 1773 688 1810 manu

38 1827 204 1892 Complexus
214 1827 242 1877 in
253 1841 282 1878 se
293 1828 391 1889 traxit,
403 1835 431 1879 et
444 1842 528 1878 coeco
539 1827 619 1896 mari!
793 1831 843 1878 iiii

38 1893 174 1946 Conlucet
184 1895 265 1956 Aia13
287 1909 367 1947 omne
379 1895 536 1962 resplendet
546 1895 656 1948 fretum.

39 1960 166 2012 Tandem
177 1968 311 2028 occupata
320 1978 388 2030 rupe
399 1963 572 2016 furibundum
583 1967 700 2026 intonat,

43 2029 196 2094 Superesse
206 2045 277 2083 nunc
288 2047 317 2082 se
329 2033 441 2100 pelagus
452 2039 534 2098 atque
545 2035 632 2099 ignes.
668 2034 766 2096 „iurat

37 2097 148 2150 Vicisse
160 2096 264 2146 coelum
271 2134 278 2159 ,
285 2099 442 2162 Palladem,
453 2099 570 2162 fulmen,
580 2097 669 2152 marei

38 2165 103 2219 Non
113 2178 158 2216 mo
169 2161 275 2232 fugavit
283 2166 373 2218 bellici
384 2173 474 2218 terror
485 2167 544 2230 dei3
793 2169 842 2221 545

38 2239 77 2288 Et
86 2234 239 2284 Hectorem
248 2249 304 2285 una
313 2235 386 2287 solus
398 2241 425 2286 et
436 2236 555 2286 Martem
565 2235 629 2300 tuli3

37 2301 172 2355 Phoebea
182 2317 233 2354 nec
243 2317 287 2354 me
297 2303 354 2355 tela
363 2305 524 2372 pepulerunt
534 2305 634 2372 gradu:

5 2375 9 2382 '
39 2373 109 2422 Cum
119 2368 275 2438 Phrygibus
285 2372 354 2425 istos
365 2377 486 2428 vicimus.
514 2375 591 2427 'l'ene
602 2372 745 2428 horream?

36 2439 134 2490 Aliena
143 2439 223 2491 inerti
233 2442 290 2494 tela
299 2443 384 2495 mittis
396 2443 516 2496 dextera.

38 2507 127 2570 Quid,
138 2508 160 2558 si
170 2507 228 2574 ipse
238 2511 365 2563 mittatl“
375 2513 459 2566 Plura
470 2529 530 2565 cum
542 2511 655 2566 auderet
666 2514 773 2567 furens:
793 2515 843 2566 550

39 2577 174 2628 'l'ridente
186 2587 281 2647 rupem
292 2581 399 2634 subruit
409 2583 514 2650 pulsam
526 2590 605 2650 pater

35 2645 197 2712 Neptunus,
208 2648 268 2699 imis
280 2665 395 2704 exerens
407 2654 484 2704 undis
497 2659 588 2719 caput,
615 2679 621 2694 κ

38 2713 180 2784 solvitque
191 2723 322 2784 montem;
346 2737 425 2791 quem
438 2723 538 2774 cadens
548 2736 640 2773 secum
652 2718 722 2780 tulit,

101 2784 177 2834 Seu.
197 2788 305 2840 'iana
661 2786 679 2836 S
730 2828 740 2846 1
