2070 3060
151 174 201 222 300
366 168 398 220 L.
417 163 572 218 ANNAEl
595 164 785 216 SENECAE

211 263 354 333 incolumis
363 269 401 319 illi
411 265 527 322 remeet!
550 267 573 318 0
586 266 658 316 nulla
669 266 748 316 dolor

212 343 344 392 Cdntente
356 351 459 404 poena,
470 350 570 404 quaere
580 335 713 402 supplicia
724 333 843 396 horrida,

210 409 376 474 lncogiteta,
386 405 510 458 infanda!
530 405 661 454 lunonem
673 403 750 466 doce,

210 475 282 538 Quid
293 475 357 528 odia
366 475 487 528 valeant:
499 474 587 524 nescit
595 473 679 534 irasci
688 473 762 523 satis.

152 549 201 596 300
212 547 268 596 Pro
279 559 322 595 me
333 544 449 611 gerebas
458 541 544 604 bella3
555 547 668 608 propter
677 555 720 591 me
732 555 814 608 vagas

210 611 344 665 Achelous
353 611 439 662 undas
448 611 578 676 sanguine
588 609 683 660 infecit
693 624 752 673 suo,

212 684 279 734 Cum
289 681 363 732 lenta
373 695 485 746 serpens
496 679 588 740 lieret,
599 679 627 728 in
637 683 745 729 taurum
756 685 860 730 trucem
887 685 889 690 ’

210 751 290 802 Nune
300 747 423 801 flecteret
434 753 559 813 serpente
571 747 696 812 deposita
706 747 801 809 mines,

211 821 248 870 Et
257 818 329 870 mille
339 819 367 867 in
378 815 458 868 hoste
469 817 591 868 vinceres
601 830 655 866 uno
666 814 747 866 feres.

85 928 90 938 .
153 889 202 938 305
213 889 271 950 lam
281 885 466 952 displicemus,
478 891 560 952 capta
569 884 694 952 praelata
705 891 746 934 est
758 881 829 934 mihi.

212 953 236 1006 N
239 969 274 1005 ou
284 953 451 1020 perferetur:
464 955 509 1021 qui
520 953 577 1004 dies
587 951 699 1004 thalami
710 953 818 1003 ultimus

212 1022 306 1075 Nostri
317 1027 359 1073 est
368 1021 489 1081 futurus,
500 1021 545 1073 hic
556 1022 608 1074 erit
617 1023 689 1072 vitae
700 1027 772 1073 tuae.

214 1091 286 1154 Quid
296 1089 367 1143 hoel
385 1089 491 1142 recedit
502 1089 619 1150 animus,
630 1095 659 1140 et
669 1091 745 1154 ponit
755 1092 854 1151 minam

213 1161 270 1211 lam
281 1160 366 1212 cessit'
374 1160 424 1210 ira.
460 1157 532 1218 Quid
541 1159 623 1206 miser
633 1155 745 1224 langues
757 1156 850 1208 dolori

154 1230 204 1278 310
215 1227 309 1280 Perdis
319 1227 452 1289 lurorem3
465 1225 586 1289 coniugis
597 1225 698 1276 tacitae
710 1226 791 1276 fidem

214 1294 282 1346 Mihi
291 1293 382 1346 reddis
391 1295 499 1345 iterum.
535 1291 606 1354 Quid
616 1298 693 1342 vetas
704 1292 827 1344 flammas
838 1295 891 1344 alil

216 1364 286 1431 Quid
297 1363 398 1430 frangis
408 1359 501 1429 ignesl
520 1359 601 1412 Hunc
612 1359 913 1428 minisei-r'aimpetum!
926 1391 957 1402 -

215 1433 300 1486 Pares
311 1447 430 1495 eramus3
442 1446 496 1480 non
508 1435 568 1480 erat
577 1431 648 1480 vetis
660 1444 736 1496 opus.

215 1502 307 1554 Aderit
318 1516 448 1562 noverca,
460 1514 529 1566 quae
540 1513 634 1548 manus
645 1505 752 1552 nostras
764 1507 852 1568 regat,

156 1572 205 1620 315
219 1569 276 1621 Nec
285 1571 421 1620 invocata.
440 1581 540 1618 uurn.
553 1567 633 1628 Quod
642 1583 724 1634 paras
735 1567 962 1620 demensseelusi

216 1639 336 1690 Perimes
346 1639 485 1698 maritum,
497 1637 573 1686 euius
585 1641 722 1688 extremus
732 1637 790 1688 dies

216 1707 375 1772 Primusque
385 1705 479 1755 laudes
490 1705 578 1766 novit,
591 1711 618 1755 et
629 1705 706 1756 coelo
718 1711 802 1756 tenus·

216 1777 315 1826 Erecta
323 1779 411 1824 terras
422 1771 497 1824 fama
506 1773 661 1840 suppositas
672 1772 771 1826 habeti

217 1843 309 1908 Reges
319 1842 347 1891 in
355 1842 423 1892 istos
432 1846 508 1892 terra
518 1848 665 1910 consurget
676 1857 782 1909 parens,

80 1961 89 1970 ,
156 1911 207 1961 320
216 1910 374 1976 Domusque
385 1911 471 1960 soceri
483 1909 571 1976 prima
580 1916 609 1960 et
617 1911 744 1962 Aetolum
775 1926 840 1962 enus

217 1979 360 2030 Sternetur
372 1992 464 2042 omne3
476 1992 543 2038 seua
552 1978 708 2030 iamdudum
719 1927 832 2032 etlaces

217 2049 247 2099 ln
260 2053 287 2100 te
298 2045 433 2110 ferentum
445 2047 578 2097 vindicem
589 2047 668 2098 tellus
679 2063 758 2099 suum

217 2115 353 2168 Defendet
364 2115 459 2166 omnis.
495 2117 554 2165 Una
565 2122 631 2182 quot
641 2131 743 2182 poenas
755 2115 848 2167 dabis!

216 2185 346 2252 Effugere
356 2189 445 2234 terras
455 2183 536 2234 crede
548 2189 575 2233 et
585 2181 730 2236 humanum
741 2199 827 2252 genus

158 2253 208 2303 325
220 2253 261 2306 Te
271 2267 366 2319 posse3
376 2249 476 2304 fulmen
488 2253 596 2320 genitor
605 2252 714 2306 Alcidae
726 2255 805 2321 gerit.

217 2323 328 2372 lamiam
340 2321 460 2372 minaces
469 2321 510 2372 ire
519 2335 569 2387 per
579 2321 684 2372 coelum
694 2321 769 2374 laces

219 2389 333 2456 Specta,
343 2394 372 2439 et
382 2395 521 2441 tonantem
533 2388 642 2440 fulmine
654 2404 768 2443 excusso
780 2390 866 2441 diem!
940 2439 945 2450 ,

219 2459 338 2509 Mortem
350 2470 457 2524 quoque
466 2459 567 2525 ipsam,
578 2472 658 2524 quam
670 2466 751 2526 putes
768 2465 870 2522 tutam,
881 2462 969 2512 time:

220 2526 382 2576 Dominatur
392 2525 446 2576 illic
455 2532 569 2591 patruus
580 2527 689 2578 Alcidae
700 2530 748 2578 tui.

160 2594 215 2643 330.
222 2595 388 2658 Quocunque
400 2609 512 2660 perges,
523 2596 635 2654 misera,
647 2603 779 2662 cognatos
791 2595 857 2646 deos

125 2725 134 2732 .
220 2661 260 2712 llli
270 2660 381 2711 videbis.
400 2674 518 2712 uerus.
529 2663 749 2716 Maximumfieri
761 2663 849 2716 scelus
