2076 3046
221 206 230 213 ,
318 148 554 203 THYESTES.
580 154 668 204 Aer.
688 155 709 205 l.

107 257 198 316 Quos,
212 269 277 305 cum
288 250 455 304 Sarmaticus
465 257 588 318 tempore
599 247 697 322 frigido

103 325 134 373 ln
144 323 266 373 summis
276 322 380 372 Boreas
390 323 545 386 composuit
554 323 637 389 iugis,

101 393 202 443 Aestas
214 388 335 440 veliferis
346 389 427 440 solvit
437 389 538 440 Etesiis

102 460 214 520 (Quem
226 459 317 524 tangit
326 457 416 524 gelido
427 452 653 510 fluminelucidm

102 525 243 592 Alpheos,
256 525 344 576 stadio
355 531 436 576 notus
449 524 622 591 Olympico):

101 595 245 646 Advertat
254 592 390 658 placidum
401 607 514 654 numen,
526 599 556 644 et
564 602 677 656 arceat,

100 662 238 713 Alternae
249 661 382 712 scelerum
391 677 425 712 ne
435 661 549 712 redeant
558 663 632 714 vices
637 695 647 724 ,·

101 729 163 780 Neu
174 729 314 780 succedat
324 744 381 780 arv
387 729 505 781 deterior
515 743 615 795 nepos,

101 799 139 849 Et
148 799 246 849 maior
255 797 364 863 placeat
375 797 454 862 culpa
463 797 620 850 minoribus.

101 867 237 917 Tandem
246 865 321 916 lesse
329 864 403 916 feros
423 867 632 932 exuetimpetus

101 933 176 986 Sicci
188 935 339 1000 progenies
349 934 432 1000 impia
442 933 565 984 Tantali.-

101 1003 263 1054 Peccatum
274 1000 340 1052 sotis
352 1007 401 1052 est.
419 1001 473 1052 Fae
484 1001 568 1052 valuit
579 1001 645 1054 nihil

100 1069 142 1121 Ad
153 1084 306 1121 commune
316 1067 401 1121 nefus.
419 1069 546 1120 Proditus
557 1071 660 1122 occidit

99 1137 253 1205 Deceptor
263 1137 364 1188 domini
375 1137 517 1203 Myrtilus,
528 1144 557 1187 et
568 1138 621 1188 lide

101 1207 213 1258 Vectus
219 1241 228 1268 ,
241 1220 296 1273 qua
305 1205 418 1267 tulerat,
429 1205 520 1257 nobile
531 1205 650 1258 reddidit

99 1274 218 1325 Mutato
229 1275 342 1342 pelagus
352 1275 468 1324 nomine.
485 1273 586 1325 Notior

99 1341 187 1393 Nulla
197 1347 245 1393 est
253 1343 336 1392 Ioniis
345 1340 440 1392 fabula
450 1341 572 1394 navibus.

100 1411 250 1478 Exceptus
260 1409 350 1476 gladio
361 1409 490 1475 parvulus
501 1411 584 1477 impio

101 1477 177 1530 lium
189 1479 403 1544 curritpatrlum
413 1483 512 1546 gnatum
523 1479 557 1529 ad
569 1480 703 1541 osculum,

100 1547 256 1598 Immatura
267 1545 337 1597 focis
346 1547 456 1597 victima
467 1547 600 1609 concidit,

100 1613 271 1682 Divisusque
283 1619 398 1676 tuaest,
409 1615 540 1676 Tantalo,
551 1615 679 1677 dexterc3

99 1683 216 1734 Mensae
226 1689 259 1733 ut
269 1684 390 1734 strueres
400 1680 553 1748 hospitibus
566 1682 632 1734 deis.

100 1752 160 1802 ilos
172 1757 290 1802 aeterna
299 1749 386 1802 fames
396 1752 569 1818 prosequitur
580 1752 669 1815 cibos,
762 1813 767 1818 ι

100 1819 161 1871 Hos
173 1825 290 1884 aeterno
300 1820 371 1882 sitis3
382 1834 433 1870 nec
446 1818 560 1885 dapibus
571 1817 636 1870 feris

99 1887 223 1939 Decemi
234 1889 324 1952 potuit
334 1901 425 1952 poeno
437 1886 584 1938 decentior.
688 1943 691 1948 ,

100 1953 162 2006 Stet
172 1957 252 2006 lusus
262 1969 348 2006 vocuo
359 1959 469 2022 gutture
481 1954 618 2006 Tantalus
625 1973 637 2004 :³

101 2023 247 2090 Impendet
258 2024 340 2089 capiti
350 2024 559 2090 plurimonoxio

100 2091 215 2143 Phineis
225 2091 319 2142 avibus
329 2091 433 2156 praeda
443 2089 581 2158 fugacior3

101 2162 174 2211 Hinc
184 2159 259 2211 illinc
270 2160 388 2228 gratidis
397 2158 539 2210 frondibus
548 2159 662 2210 incubet·
678 2167 681 2186 ¹

103 2230 139 2279 Et
150 2235 267 2279 curvate
277 2229 332 2279 suis
342 2227 476 2290 foetibus,
488 2242 520 2278 oc
531 2233 648 2280 tremens

104 2297 215 2347 Adiudit
224 2296 324 2363 patulis
335 2297 417 2346 arbor
429 2293 556 2346 hiatilius.

104 2366 196 2426 Haec,
208 2365 329 2432 quamvis
340 2363 434 2414 aridus
445 2377 496 2414 nec
508 2365 614 2430 potiens
625 2379 731 2426 morae,
835 2377 837 2382 ·

103 2433 245 2499 Deceptus
254 2428 338 2483 toties
348 2437 461 2499 tangere
470 2433 595 2500 negligit,
748 2451 754 2456 ·

106 2501 287 2568 Obliquatquc
298 2500 405 2562 oculos,
418 2515 520 2567 oreque
537 2503 704 2568 comprimit,

105 2567 272 2636 inclusisque
283 2567 384 2620 fantem
394 2568 520 2620 dentibus
531 2569 646 2636 adligat3

107 2634 161 2688 Sed
173 2643 238 2689 tunc
249 2638 356 2688 divitius
369 2649 447 2690 omne
458 2645 553 2689 nentur
564 2653 628 2688 suus
