2076 3046
141 147 172 196 m
300 141 357 194 ἰ.
376 139 532 193 numum
550 125 741 194 surreie

127 263 133 278 ¹
200 246 269 308 Quid
280 243 387 296 stabula
396 258 544 296 memorem
554 244 613 296 dira
622 245 851 348 Bistonii-green,

198 313 313 380 Suisque
322 327 414 380 regem
425 312 553 378 pabulum
563 319 692 364 armentu
703 313 810 364 datum

199 381 366 448 Solitumque
378 381 467 432 densis
477 379 612 448 hispidum
624 379 785 447 Erymanthi
795 382 866 496 iuffis

197 450 314 501 Arcadia
324 447 437 516 quatere
447 465 559 501 nemora
568 450 732 502 Maenalium
742 465 818 500 suem

140 515 189 571 23⁰
201 519 375 584 Taurumque
387 523 495 568 eentum
504 533 559 570 non
569 518 655 569 iovem
665 517 773 583 populis
783 515 903 567 metensi
921 555 924 564 ,

198 587 272 637 Inter
282 593 402 636 remotos
413 587 501 650 gentis
512 587 663 648 Hesperiae
676 598 774 652 greges

199 654 298 706 Pastor
309 652 439 704 triformis
450 651 548 702 littoris
559 653 693 703 Tartessii
756 695 763 710 f

198 723 354 784 Peremtus,
367 726 431 771 aeta
441 726 484 770 est
493 719 596 786 praede
606 720 639 770 ab
651 735 752 771 occasu
761 719 871 783 ultimo;

198 791 300 841 Notum
311 787 456 841 Cithaeron
467 789 543 854 pavit
554 789 663 839 Oeeeno
673 803 766 853 pecus.

140 860 188 912 235
199 859 348 910 Penetrare
358 858 447 908 iussus
458 856 523 907 solis
534 857 630 907 aestivi
641 857 749 924 plagas,

198 928 236 978 Et
245 926 343 976 adusta
352 925 457 976 medius
467 939 553 994 regua
563 939 632 992 quae
642 929 731 976 torret
738 925 795 977 dies
801 961 811 988 ‚=

199 995 338 1061 Utrimque
348 999 455 1044 montes
466 993 558 1044 solvit:
570 993 686 1064 abrupto
698 994 785 1046 obiice

41 1113 42 1121 ,
126 1081 132 1090 ’
199 1063 299 1113 Latam
309 1063 399 1114 ruenti
408 1061 476 1112 feeit
486 1063 596 1113 Oceano
608 1063 687 1112 viem.

198 1131 266 1181 Post
275 1128 356 1192 haee,
369 1129 482 1180 adortus
492 1131 610 1179 nemoris
621 1130 744 1194 opulenti
750 1129 859 1192 domos,

138 1203 188 1251 240
198 1197 323 1248 Amisere
333 1196 420 1263 vigilis
431 1196 522 1262 spolia
528 1198 660 1263 serpentis
673 1197 741 1248 tulit.

199 1263 286 1326 ouidi
296 1279 378 1316 saeva
388 1264 497 1316 Lernae
508 1269 637 1327 menstra,
648 1277 820 1318 numerosum
827 1269 938 1324 nuatum,

197 1333 258 1384 Non
269 1333 331 1400 igne
343 1332 451 1384 demum
461 1335 526 1385 vieit
536 1339 564 1385 et
574 1334 666 1385 docuit
676 1333 763 1385 mon‘i

198 1401 356 1468 Solitasque
364 1403 457 1470 pennis
468 1401 585 1454 condere
598 1403 722 1454 obductis
737 1403 808 1456 diem

197 1469 281 1522 Petiit
291 1471 325 1520 ab
335 1471 401 1536 ipsis
413 1470 527 1522 nubibus
539 1469 758 1538 Stymphalidas?

138 1539 187 1590 245
200 1537 262 1590 Non
272 1539 336 1589 vicit
345 1539 420 1588 iilum
431 1539 540 1589 caelibis
551 1554 659 1604 semper
668 1541 722 1589 tori

197 1607 301 1674 Regina
311 1607 399 1674 gentis
410 1605 491 1657 vidue
501 1604 745 1658 Thermodontiaer

197 1675 254 1726 Nec
266 1675 301 1726 ad
312 1689 393 1726 omne
402 1675 504 1724 ciarum
514 1673 619 1726 facinus
631 1675 748 1727 audaces
760 1691 856 1728 manus

199 1741 317 1795 Stabulis
328 1743 432 1810 fugavit
443 1744 529 1809 turpis
539 1745 641 1810 Augias
652 1743 738 1795 labor.

198 1811 270 1873 Quid
279 1813 333 1862 iste
343 1809 473 1878 prosunti
492 1810 566 1862 Orbe
577 1811 690 1864 defenso
702 1819 786 1864 earet.

137 1880 187 1930 250
199 1877 314 1931 Sensere
325 1886 415 1930 terrae
425 1880 501 1944 pacis
512 1885 653 1932 auctorem
663 1895 728 1932 suae

197 1948 298 1998 Abesse
308 1949 396 1998 terris.
432 1947 598 2012 Prosperum
608 1965 641 2000 ao
652 1949 718 2000 felix
729 1950 817 2001 scelus

197 2015 291 2068 Virtus
301 2022 429 2080 vocatur3
440 2017 563 2068 sontibus
574 2023 672 2083 parent
681 2018 759 2081 bonis

196 2084 241 2156 lus
253 2086 332 2135 estin
344 2086 440 2146 armis,
451 2086 579 2151 opprimit
585 2084 663 2152 ie'ges
672 2087 769 2136 timor.v

195 2153 263 2202 Ante
274 2167 324 2202 ora
333 2152 388 2204 vidi
397 2157 492 2202 nostra
502 2153 656 2204 truculenta
665 2168 747 2206 manu

138 2218 187 2269 255
200 2219 305 2271 Gnatos
314 2220 530 2286 peternicedere
541 2222 762 2289 regnirindices,

196 2287 339 2354 ipsamque
351 2288 449 2339 Cadmi,
455 2287 552 2340 nobilis
562 2291 674 2356 stirpem
684 2291 807 2340 ultimant

196 2355 329 2407 Occidere
340 2356 414 2420 svidi
423 2357 527 2424 regium
540 2358 731 2423 sepitis-decus

196 2424 264 2474 Cum
275 2425 364 2490 sepite
374 2429 490 2491 raptum.
527 2425 594 2488 Qtris
604 2428 671 2478 satis
683 2425 793 2481 Thebas
803 2425 884 2477 fleat!

195 2491 285 2542 Ferex
295 2492 407 2552 deorum
417 2499 505 2555 terra,
517 2509 596 2562 quem
608 2494 744 2546 dominum
755 2493 864 2557 tremisss·

137 2559 187 2610 260
198 2559 222 2609 Ε
233 2561 308 2611 cuius
320 2561 391 2612 ervis
401 2575 469 2629 eque
480 2561 616 2616 foecundo
627 2565 687 2614 sinu

195 2625 297 2682 Strioto
308 2630 432 2682 iuventus
443 2637 505 2684 orta
515 2646 577 2685 eum
587 2631 660 2686 ferro
671 2635 761 2696 stetim
810 2643 817 2654 ‘
