2086 3048
232 177 237 186 '
305 165 499 242 ouum'us.
533 189 622 242 acu.
640 191 662 242 ιΔ
826 194 877 246 151

79 291 212 358 Diripitur
222 290 402 357 iguimnuilur
413 297 455 342 est
465 291 571 344 miseris
582 293 681 359 pudure
843 297 877 348 tt

81 359 141 411 Non
152 375 216 410 ossa
225 359 321 410 tumuli
331 365 427 410 saneta
436 359 547 412 ffiaermi
558 366 672 427 tegunt3

79 428 262 480 Arsisse'satis
272 433 322 478 est.
341 429 413 480 Pars
422 434 507 495 quota
515 431 543 480 in
555 431 660 482 eineres
670 431 727 482 abit

79 497 168 550 Deest
177 502 252 548 terra
260 497 385 559 tumulis3
396 499 450 548 iam
460 513 545 564 roges
554 499 638 550 silvae
649 507 757 566 negant

80 565 142 616 Nou
152 570 232 628 ruta,
243 582 296 616 nun
308 581 352 617 ars
363 566 418 616 ulla
429 573 571 632 correptus
581 567 681 619 lerant.

81 634 189 685 Cadunt
199 633 351 698 medentem
363 633 474 685 morbus
484 635 612 685 auxilium
623 633 714 688 trahit
847 641 880 688 m

81 702 199 754 Adfusus
210 703 265 755 aria
273 705 407 770 supplices
419 702 615 766 teudemundus,

9 771 10 778 ’
82 772 194 822 Matura
204 786 318 838 poscens
330 772 400 824 fata:
412 786 586 837 praecurram
597 781 628 824 ut
638 775 713 840 prior

83 839 206 906 Patriam
215 846 351 902 ruentem,
363 857 430 892 neue
441 846 504 906 post
515 856 610 892 omnes
621 843 726 904 eadam,

73 909 214 975 .Fiamque
224 909 301 974 regni
313 909 393 960 funus
403 915 554 960 extremum
564 911 626 962 mei.

84 978 201 1028 Osaeva
210 977 320 1026 nimium
332 977 452 1028 numina!
475 977 587 1028 ofatum
598 983 693 1046 grave!
847 984 896 1032 ⁴15·

82 1045 206 1111 Nugatur
216 1046 262 1094 uni
272 1060 368 1111 nempe
377 1047 404 1095 in
419 1045 472 1096 huc
484 1046 583 1112 populo
595 1047 659 1098 mihi

82 1114 160 1164 Mors
170 1119 227 1162 tam
238 1112 351 1179 paratai
370 1111 472 1178 Sperne
482 1113 555 1165 letali
565 1129 646 1166 manu

84 1184 219 1233 Contacta
228 1181 323 1248 regna!
343 1179 433 1248 linque
443 1182 582 1243 lacrimas,
594 1181 698 1244 funera,

84 1251 211 1302 'l'ubifica
222 1251 289 1301 coeli
300 1251 379 1312 vitia,
391 1266 460 1316 quae
471 1256 561 1302 tecum
572 1249 676 1304 invehis

7 1325 8 1342 ³
83 1319 222 1370 infaustus
232 1317 470 1386 hospeiprufuge
480 1319 636 1370 iamdudum
648 1322 724 1373 ocius
782 1341 786 1348 ’
849 1324 884 1374 St)

82 1389 136 1441 Vel
147 1387 182 1439 'ad
193 1394 327 1454 parentes.
347 1402 380 1436 10
389 1401 413 1438 c.
430 1387 501 1448 Quid
510 1389 598 1450 iuvat,
610 1391 721 1452 minax,
734 1391 805 1444 main

85 1458 208 1508 Gravare
220 1455 332 1522 questui
352 1457 465 1523 Regium
477 1454 530 1508 hoe
539 1457 628 1521 ipsum
638 1472 712 1520 reor,

84 1527 205 1578 Adversa
216 1539 328 1591 capere3
339 1539 445 1592 quoque
457 1526 492 1574 sit
503 1524 598 1578 dubius
609 1527 696 1593 magis

85 1594 192 1656 Status,
204 1600 232 1645 et
243 1593 364 1644 cadentis
375 1594 470 1659 impen‘
482 1592 566 1644 moles
576 1593 660 1656 labet,
903 1633 910 1648 .

86 1664 147 1714 Hoc
158 1669 232 1713 stare
244 1668 319 1714 certo
330 1663 449 1728 pressius
460 1661 559 1712 sortem
570 1662 665 1730 gradm
848 1666 881 1716 85

86 1731 167 1782 Haud
179 1737 220 1782 est
229 1731 304 1782 virile
315 1736 394 1798 terga
403 1731 541 1782 Fortunae
553 1730 626 1782 dare.

86 1815 127 1849 oa:
135 1814 163 1849 n.
185 1800 266 1851 Abest
276 1801 385 1866 pauoris
395 1801 496 1850 crimen
508 1811 540 1848 au
551 1799 678 1864 probrum
691 1802 795 1867 procui,

84 1869 233 1935 Virtusque
244 1874 338 1920 nostra
347 1870 434 1918 neae-it
444 1869 556 1934 ignavus
566 1871 663 1920 metus.

85 1937 113 1987 Si
126 1937 182 1986 tela
192 1943 287 1986 contra
298 1938 407 1997 stricta,
418 1938 441 1986 si
452 1938 492 1986 uis
502 1934 614 1988 horrida

85 2003 645 2058 Mavortisinmerueretradversusferus
850 2008 884 2060 uu

83 2073 180 2124 Audax
209 2075 313 2140 igantes
324 2075 417 2124 obvias
428 2073 528 2124 serrem
539 2088 643 2124 manus.

85 2142 144 2194 Nec
154 2089 274 2208 Spfiinga
284 2143 374 2192 coecis
385 2142 468 2192 rerba
477 2147 629 2192 nectentem
639 2141 728 2194 modis

84 2211 167 2278 Fugi:
179 2216 306 2261 eruentus
316 2211 385 2262 vatis
396 2209 524 2262 infandae
534 2210 584 2260 tuli

86 2279 193 2342 Rictus‚
205 2285 233 2330 et
242 2279 334 2329 albens
346 2279 451 2330 ossibus
461 2281 563 2344 sparsis
574 2278 674 2342 saluum

86 2350 206 2415 ctunque
218 2363 233 2399 e
243 2361 360 2414 superna
371 2362 451 2414 rupe,
462 2347 516 2398 iam
528 2348 647 2412 praedae
657 2351 808 2416 imminens,
849 2353 881 2405 tt

87 2416 580 2484 Aptaretalesverberaffit,caudam
591 2431 712 2482 movens,
807 2480 811 2486 Ι

83 2485 169 2538 Saevi
179 2485 264 2537 leonis
275 2501 365 2549 mure,
377 2487 535 2554 conciperet
545 2487 645 2538 minas:

84 2559 203 2607 Carmen
213 2555 336 2620 poposci.
372 2553 469 2606 Sonuit
478 2553 657 2620 horrendum3
668 2559 777 2625 insuper

83 2623 722 2691 Crepueremalae;saxaqueimpatiensmorae
859 2672 861 2676 .

83 2693 211 2746 Rerulsit
220 2693 447 2760 ung'uis‚visee1·a
457 2701 603 2760 expectans
614 2709 684 2746 mea.
836 2698 885 2748 itio
959 2692 962 2698 ’
