2070 3060
179 165 230 220 316
292 200 299 208 κ
342 161 576 231 [canaam
595 161 802 232 SENECAE]

237 267 296 319 Fax
305 266 364 329 ille,
376 280 457 334 quum
469 271 564 317 secuta
573 281 616 328 es,
627 267 764 334 Augustae
774 281 856 319 manu

126 371 129 377 -
237 335 378 398 Praelata,
391 335 492 385 clarum
503 347 601 384 nomen
610 335 711 385 inuidia
720 335 771 386 tibi

149 407 151 410 ’
236 404 350 454 Pernam
362 404 505 454 ominatur.
516 400 636 452 Inferum
646 402 724 453 sedes
735 408 813 460 toros

239 471 356 524 Stabiles
367 470 475 522 futuros
485 469 603 535 spondet
613 475 740 521 aeternae
752 471 856 523 donam.

176 541 228 594 155
238 540 332 607 lugulo
344 539 415 606 quod
427 552 518 589 ensem
529 537 650 590 condidit
658 538 789 606 Princeps
799 543 878 589 taust

238 609 316 660 Belle
324 606 397 658 haud
407 607 539 668 movebit,
549 621 618 672 pace
630 607 677 658 sed
687 606 789 659 ferrum
799 610 887 673 teget·

238 676 376 744 Recollige
388 677 518 738 animum;
530 676 621 741 recipe
631 675 777 738 laetitiam,
787 689 897 794 precor,

239 746 350 796 Timore
360 743 450 810 pulso!
462 743 544 794 redde
556 749 584 794 te
595 742 720 795 drelaods
729 745 783 795 tuis

238 827 280 864 ro
287 828 312 863 r.
324 812 445 864 Delubra
455 815 483 862 et
493 825 555 862 arae
564 817 659 878 petere
670 813 798 865 constitui
806 825 911 876 sacras,

177 881 230 934 rto
241 882 333 934 caesis
343 881 422 932 litare
432 881 547 932 victimis
558 895 657 934 numen
666 881 756 944 deum

238 951 276 1000 ut
286 950 430 1016 expientur
440 949 528 1000 noctis
539 950 567 1000 et
577 951 664 1002 somni
674 951 772 1012 minae,

239 1019 396 1084 Terrorque
407 1019 435 1068 io
446 1015 540 1069 hostes
550 1019 646 1070 redeat
656 1019 788 1070 attonitus
798 1030 885 1071 meum

238 1088 276 1138 Et
285 1093 351 1138 vota
359 1101 410 1154 pro
421 1101 465 1138 me
474 1088 595 1152 suscipe,
607 1093 635 1139 et
645 1086 771 1154 precibus
780 1087 833 1152 piis

240 1154 359 1224 Superos
370 1155 469 1220 adora,
478 1161 571 1208 manet
580 1161 611 1207 ut
620 1171 750 1224 praesens
759 1159 860 1209 metus.

485 1303 670 1353 UHOEUS·

237 1402 330 1460 hadal
340 1403 424 1450 chorus
433 1404 556 1462 Poppaeae
559 1401 673 1460 formam·

181 1491 234 1548 too
246 1491 274 1544 Si
284 1508 350 1546 vero
359 1494 460 1563 loquar
470 1493 544 1545 lama
556 1495 691 1546 Tonantis
754 1499 756 1503 ’

241 1561 329 1612 Furta
339 1567 368 1614 et
375 1569 469 1630 gratos
479 1568 575 1612 nerrat
584 1578 701 1626 anrores,

243 1630 329 1690 Quem
342 1631 424 1681 modo
434 1630 530 1682 Ledae
539 1632 671 1696 pressisse
678 1633 767 1684 sinum

248 1699 366 1748 Tectum
376 1699 474 1765 plumis
483 1699 630 1765 pennisque
641 1699 745 1764 feruut3
772 1731 781 1740 ·

205 1761 209 1785 ⁸
243 1765 328 1816 Modo
339 1765 496 1832 perductus
507 1771 614 1832 raptam
624 1767 755 1835 Europen

181 1833 233 1885 110
244 1834 366 1884 Taurum
376 1839 455 1901 tergo
465 1840 590 1901 portasse
599 1839 719 1887 trucemr

245 1903 321 1962 Quae
331 1904 416 1970 regit,
427 1907 456 1954 et
465 1918 536 1958 nuoc
547 1903 655 1956 deseret
665 1910 753 1971 etti-m

242 1970 324 2022 Petet
334 1971 725 2038 amplexus,1’oppeea,tuos‚

245 2039 320 2100 Quos
332 2045 360 2090 et
369 2039 463 2091 Ledae
473 2039 613 2106 praeferre
624 2045 725 2106 potest,

243 2107 280 2157 Et
288 2107 352 2171 tibi,
364 2108 499 2174 quondam
510 2109 554 2159 cui
564 2110 673 2160 miranti

182 2174 234 2227 115
245 2175 345 2239 Fulvo,
355 2175 452 2227 Danae
458 2213 466 2239 ,
477 2175 556 2228 lluxit
565 2178 593 2228 in
602 2191 678 2229 auro.

243 2243 372 2295 Formam
381 2243 479 2310 Sparte
489 2247 573 2296 iactet
583 2245 708 2296 alumnae

242 2311 337 2376 Licet,
348 2318 376 2364 et
387 2311 524 2381 Phrygius
536 2314 657 2380 praemia
667 2318 776 2380 pastore

242 2381 345 2433 Vincet
353 2381 443 2432 vultus
453 2379 522 2432 haec
533 2381 717 2448 Tyndaridos,

207 2497 212 2508 ,
245 2449 298 2510 Qui
308 2448 659 2514 moverunthorridabella,

183 2516 235 2569 180
246 2516 436 2585 Phrygiaeque
446 2519 506 2570 solo
516 2533 600 2586 regna
609 2518 717 2572 dedere.

245 2581 299 2636 Sed
310 2587 368 2652 quis
379 2601 475 2652 gressu
486 2589 541 2638 ruit
551 2588 679 2650 attonito,

247 2652 298 2702 lut
307 2654 371 2720 quid
380 2659 494 2722 pectore
504 2660 597 2723 portat
607 2652 722 2710 anhelo!
