2070 3060
141 209 190 259 aaa
315 204 348 253 a.
384 197 538 252 amussi
556 195 748 266 subscus

142 307 207 360 1375
220 321 259 358 ar.
268 319 316 356 cs.
329 292 478 370 Compesce
491 300 617 352 lacrimas
632 299 742 420 spltem,
754 303 782 350 at
796 313 949 348 aerumnas

661 377 744 430 oms,

217 441 350 508 Malisque
360 439 443 490 tantis
453 438 599 489 Herculem
609 436 770 488 indomitum
780 435 865 498 refer,

216 511 389 576 Mortemqua
399 509 490 569 vince,
502 506 574 574 quod
584 506 670 570 soles;
679 507 757 556 vince
768 503 893 556 lnierosl

119 573 121 578 ’
219 591 317 628 usuc.
329 575 358 628 Si
368 589 411 626 me
422 577 525 626 catenis
536 573 663 626 horridus
672 575 792 625 vinctum
801 574 857 624 suis

219 645 367 697 l'raeberet
377 644 472 696 avidae
484 645 621 696 Caucasus
630 642 734 694 volucri
744 641 855 710 dapem:

141 716 208 766 1380
220 711 333 780 Scythia
343 717 468 780 gemente
479 710 575 762 flebilia
585 713 702 780 gemitus
712 709 778 761 mihi
793 765 795 777 ¹

219 779 281 834 Non
292 781 434 832 extitisset.
471 775 500 829 Si
509 795 595 847 vagae
606 778 801 846 Symplegades

222 852 341 916 Utraque
352 854 507 914 premerent
517 863 597 914 rupe:
608 847 747 900 redeuntis
758 849 845 900 minas

224 919 331 970 Ferrem
342 917 444 968 ruinae.
479 914 582 968 Pindus
591 916 732 974 incrmrbat
741 913 805 968 mihi

129 1033 134 1041 .
220 989 306 1054 Atque
317 986 440 1035 Haemus
450 991 479 1036 et
489 986 534 1051 qui
545 982 678 1035 Thracios
690 983 787 1036 lluctus
796 982 886 1036 Athos

143 1054 209 1106 1385
221 1055 347 1122 Frangit,
357 1053 483 1120 lorisque
494 1053 594 1105 fulmen
606 1053 745 1104 excutiens
754 1052 866 1104 Mimas!

222 1122 283 1174 Non
293 1123 352 1190 ipse
362 1123 385 1172 si
396 1123 423 1174 in
434 1123 491 1184 me,
502 1127 603 1183 mater,
614 1120 659 1172 hic
670 1123 784 1172 mundus
795 1129 869 1183 ruat,

222 1190 362 1258 Superque
374 1195 484 1241 nostros
494 1189 592 1258 flagret
601 1191 727 1242 incensus
738 1197 814 1242 toros

221 1259 366 1312 Phoebeus
377 1259 448 1320 axis,
460 1258 578 1326 degener
588 1263 706 1310 mentem
716 1259 843 1310 Herculis

223 1327 474 1379 Clamordomaret.
509 1327 835 1390 lllilledeeurrantferae,

144 1397 211 1450 raso
221 1397 381 1464 Pariterque
391 1395 526 1458 lacerent3
537 1393 599 1448 hinc
609 1395 675 1447 ieris
687 1396 860 1462 clangoribus

139 1469 145 1485 ‘
221 1463 349 1516 Aetheria
358 1477 402 1517 me
415 1462 596 1532 Stymphalis,
606 1463 669 1514 hinc
677 1470 770 1516 taurus
781 1467 875 1517 minax

220 1534 332 1585 Cervice
342 1537 404 1584 tota
414 1533 517 1599 pulset3
528 1539 556 1584 et
566 1533 694 1601 quidquid
704 1531 765 1584 luit.

224 1599 318 1652 Solum
329 1615 437 1668 quoque
447 1602 543 1670 ingens
549 1638 558 1664 ,
568 1607 663 1668 surgat
673 1599 735 1652 hinc
742 1602 814 1653 illinc
824 1602 921 1654 umuli

222 1671 357 1736 Armaque
368 1675 478 1720 nostros
489 1670 564 1720 dirus
574 1670 704 1721 immittat
715 1668 799 1734 Sinis;

145 1735 213 1790 1395
223 1735 342 1804 Sparsus
353 1737 446 1789 silebo.
482 1737 545 1789 Non
554 1736 630 1790 ferae
642 1739 781 1794 excutient
790 1737 866 1800 mihi,

222 1805 284 1858 Non
296 1808 373 1856 arma
382 1807 513 1873 gemitum
525 1807 575 1870 nil,
588 1807 661 1875 quod
670 1807 772 1874 impelli
782 1812 883 1874 potest.

225 1891 242 1925 s
249 1889 266 1924 a
274 1881 324 1924 eu.
335 1871 399 1924 Non
409 1875 483 1924 virus
494 1881 579 1936 artus,
590 1881 681 1942 gnate,
690 1875 835 1928 femineum
842 1877 951 1942 coquit;

225 1941 280 1995 Sed
291 1941 360 1993 (lura
369 1943 454 1998 series
466 1941 556 2008 operis
568 1945 596 1992 et
605 1943 703 2008 longus
713 1944 764 1994 tibi

223 2011 303 2064 rant
314 2016 441 2063 cruentos
451 2007 567 2060 forsitan
577 2010 687 2060 morbos
697 2009 783 2061 labor.

98 2130 111 2144 s
147 2081 214 2132 1400
225 2093 294 2131 usn
302 2091 326 2132 c.
336 2079 389 2130 Ubi
398 2079 526 2142 Morbus,
536 2079 645 2129 ubinam
655 2077 754 2196 Pestps
766 2080 952 2148 autsialiquid

278 2164 280 2172 ’
678 2147 743 2198 mai

226 2213 356 2266 Adhuciu
367 2215 434 2267 orbe
445 2213 505 2267 esti
522 2214 635 2268 Veniat!
651 2243 684 2253 -
695 2215 759 2266 Huc
774 2213 870 2282 aliquis
884 2213 952 2266 mihi

225 2281 351 2333 lutendat
363 2283 454 2334 arousl
466 2313 498 2322 -
508 2283 589 2335 Nuda
599 2283 717 2335 sulllciet
726 2297 829 2334 manus.

227 2349 377 2414 Procedat,
388 2351 517 2420 agedum,
528 2350 593 2403 huoi
615 2365 656 2403 aa
664 2365 714 2402 crs.
730 2352 785 2404 liei
798 2347 877 2415 milri,
889 2367 951 2404 sen-

564 2435 624 2472 sum
636 2435 743 2489 quoque
1012 2485 1013 2488 Ἴ

55 2545 64 2556 „
228 2485 357 2541 Excussit
365 2487 404 2540 illi
414 2489 511 2540 nimius
519 2489 664 2556 impulsum
684 2489 771 2540 dolor.
1012 2497 1013 2538 l

149 2555 216 2603 14⁰5
231 2555 392 2619 Removete,
404 2571 520 2624 quaeso,
531 2559 599 2620 tela,
610 2565 638 2610 et
648 2557 774 2620 infestas,
784 2571 891 2624 precor,

228 2622 325 2686 Rapite
333 2622 395 2675 hinc
407 2627 536 2692 sagittas:
547 2628 610 2695 igne
621 2625 740 2678 suffusae
751 2640 839 2691 genae

231 2687 324 2742 Scelus
335 2694 479 2746 nubantur.
514 2695 588 2758 Quas
598 2702 690 2768 petam
701 2695 821 2746 latebras
831 2693 915 2744 anusl
