2076 3046
191 129 205 178 6
253 178 260 188 .

373 127 408 178 11.
427 124 590 180 ANNaur
612 128 801 180 SENECAE

250 230 310 280 Non
320 231 359 281 sio
371 229 482 282 abibunt
493 229 567 282 odia:
577 231 684 282 vivaces
695 238 759 298 aget

249 299 389 351 Violentus
399 300 454 350 iras
465 300 582 361 animus,
592 306 621 351 et
630 315 727 352 saevus
741 299 819 350 dolor

239 369 366 437 ¹Aeterna
375 365 447 418 bella
457 381 523 432 pace
534 367 640 418 sublata
649 373 735 436 geret.
746 397 778 406 -

209 435 240 486 30
253 433 426 496 Quaebeliat
447 435 581 502 Quidquid
592 435 728 487 horridum
738 437 817 486 telius
830 442 905 486 erent

250 505 372 568 inimioa3
384 503 511 571 quidquid
521 510 619 570 pontus
631 510 678 554 aut
689 508 736 555 ae'r
744 505 807 555 tulit

250 572 395 634 Terribile,
406 572 506 634 dirum,
516 573 657 638 pestilens,
668 578 761 635 atrox,
772 573 872 636 ierum3

153 672 155 676 -
249 642 376 693 Fractunr
396 645 477 708 etque
496 640 696 704 domitumest3
712 647 823 708 superat
837 646 865 692 et
885 642 982 692 crescit

250 779 344 844 iraque
355 781 449 828 nostra
458 776 568 839 fruitur-3
579 778 611 828 ‘in
622 709 788 830 iaudmzlffas

196 845 239 900 ,35
250 845 313 895 Mea
324 846 407 896 vertit
415 845 484 895 odia.
504 845 577 894 Dum
587 847 664 896 nimis
674 861 756 896 saeva
766 847 883 913 impero:

248 913 357 963 Patrem
369 913 492 978 probavi,
510 913 612 980 gioliae
622 913 674 965 feci
686 914 784 965 locunt.

250 982 309 1040 Qua
320 979 367 1030 Sol
377 981 523 1041 reducens,
535 985 639 1048 quaque
651 983 789 1050 deponens
800 982 869 1034 diem

251 1050 330 1099 Binos
341 1050 491 1116 propinqua
501 1049 580 1116 tingit
590 1048 736 1118 Aethiopas
746 1049 818 1114 face,

250 1117 383 1167 indomita
392 1119 475 1166 virtus
487 1117 597 1180 colitur,
609 1124 637 1170 et
646 1123 707 1168 toto
718 1119 785 1170 deus

206 1187 238 1232 aa
250 1184 381 1235 Narratur
392 1183 466 1235 orbe.
486 1185 611 1236 Monstra
621 1187 675 1236 ianr
686 1186 784 1237 desunt
792 1185 870 1248 mihi3

247 1253 388 1319 Minorque
398 1252 476 1305 labor
487 1259 528 1303 est
538 1253 650 1304 Herculi
655 1255 733 1305 ‘iusa
743 1257 838 1322 exequi
844 1292 852 1318 ,

248 1322 334 1382 Quam
344 1318 409 1370 mihi
416 1321 523 1386 iubere3
537 1321 624 1373 laetus
635 1323 748 1388 imperia
759 1325 867 1388 exeipit.

166 1389 169 1403 ⁴
248 1389 323 1449 Quae
334 1388 394 1439 iera
403 1391 513 1456 tyranni
522 1391 597 1440 iussa
605 1391 724 1442 violento
735 1397 836 1458 queant

212 1481 217 1490 ·
247 1456 352 1508 Nocere
361 1457 583 1524 iuveniiNernpe
612 1473 643 1510 ro
653 1459 713 1510 telis
724 1461 807 1526 gerit,
900 1496 906 1502 -

204 1523 237 1572 45
250 1525 325 1586 Quae
336 1525 425 1576 timuit
435 1532 463 1577 et
474 1539 543 1593 quae
554 1474 637 1577 forsit:
650 1533 769 1580 sarnatus
779 1531 853 1578 venit

164 1611 168 1614 ·
246 1593 339 1644 Leone
351 1599 378 1644 et
388 1591 483 1660 hydra.
503 1593 562 1646 Neo
571 1595 638 1646 satis
647 1600 738 1646 terrae
748 1601 855 1662 patent:

245 1659 359 1728 Effregit
369 1677 433 1713 ecco
445 1662 451 1711 i
461 1663 546 1713 ¹limen
556 1661 654 1714 inferni
663 1663 743 1726 lovis,

216 1771 217 1774 ,
245 1730 282 1779 Et
293 1731 382 1797 opima
392 1731 456 1780 victi
465 1731 536 1796 regis
549 1731 582 1780 ad
595 1730 714 1798 Superos
723 1731 815 1784 refert.

245 1799 344 1848 Parum
355 1803 396 1849 est
406 1801 518 1849 reverti:
531 1798 626 1850 foedus
638 1800 798 1851 Umbrarum
809 1803 886 1867 perit.

202 1867 236 1915 50
247 1866 310 1917 Vidi
318 1868 390 1932 ipsa,
402 1866 464 1927 vidi,
475 1873 555 1918 noete
565 1868 688 1919 discussa
697 1868 815 1920 Inferum

244 1935 281 1984 Et
291 1935 353 1986 Dite
364 1935 476 1998 domito,
487 1935 574 2000 spolia
583 1937 730 1985 iactantem
741 1937 812 2002 patri

244 2005 383 2054 Fraterno.
400 2005 454 2053 Cur
463 2018 518 2052 non
526 2004 628 2054 vietum
639 2007 666 2054 et
677 2017 834 2069 oppressum
846 2005 930 2056 trahit
963 2018 966 2022 ·

244 2072 335 2136 Ipsum
347 2073 449 2122 catenis
461 2073 539 2137 paria
547 2072 672 2121 sortitum
683 2071 754 2134 Iovi,
770 2071 773 2074 ’
908 2089 913 2095 ·

244 2141 388 2208 Ereboque
399 2146 480 2204 capto
491 2141 594 2206 potitur
604 2144 632 2190 et
640 2141 741 2206 retegit
752 2139 855 2206 Styga?

202 2207 234 2258 55
246 2206 389 2260 Patefaota
399 2207 432 2257 ab
442 2209 502 2258 imis
512 2206 637 2258 Manibus
647 2212 722 2258 retro
732 2209 777 2258 ria
787 2214 842 2270 est,

245 2277 281 2326 Et
291 2291 370 2327 sacra
380 2276 455 2326 dirae
461 2275 564 2326 'Mortis
574 2276 601 2324 in
612 2281 706 2341 aperto
716 2276 814 2327 iacent.

244 2345 278 2394 nt
287 2345 344 2405 ille,
357 2349 437 2410 rupto
449 2357 558 2396 earcere
569 2344 743 2406 Umbrarum,
753 2343 832 2397 ferox

244 2413 286 2462 De
293 2410 501 2480 mettiumphat,
513 2418 541 2462 et
552 2413 714 2478 superbifica
723 2427 803 2464 mann

244 2482 337 2531 Atrum
347 2494 396 2546 per
406 2481 487 2531 urbes
497 2481 572 2531 ducit
582 2481 720 2547 Argolicas
732 2497 838 2532 canem.

19 2530 737 2612 .'nmmmmfflm,

248 2618 430 2687 pavidumque
442 2617 592 2684 solem31ne
606 2616 821 2696 quequeainvasit
830 2623 946 2680 tremor,
1018 2597 1019 2602 ἵ
