2070 3060
184 152 411 224 neptunias
431 155 633 208 OETAEUS.
660 159 746 210 AC'l'.
763 161 798 212 ll.
840 161 888 212 301

91 263 127 314 Et
136 262 195 327 ipsa
205 256 306 320 fateor3
318 251 368 308 sel*
379 256 456 308 dolor
466 258 524 308 fieri
536 259 618 310 iubet.

93 343 190 380 nura.
199 313 329 378 Moriere.
347 339 463 379 aaran.
477 327 581 378 Moriar
591 329 717 446 Hericulis
732 346 828 397 nempe

600 397 685 448 inciti

94 466 208 525 Coniux,
218 476 269 512 nee
279 460 349 512 ullus
360 465 441 511 nocto
452 459 575 512 discussa
586 462 643 514 dies
675 498 677 507 ,

93 530 333 593 Viduamnotahit,
344 544 395 580 nec
405 543 481 580 meos
490 530 578 597 pellex
588 537 665 582 toro
840 534 889 584 335

94 601 205 667 Captiva
215 600 312 666 capiet.
347 597 461 649 Ante'ab
473 613 573 650 occasu
583 599 641 652 dies

93 669 238 730 Nascetur,
250 666 331 718 Indos
343 671 405 718 ante
417 666 537 734 glacialis
548 668 635 734 polus,

94 735 242 802 Scythasve
253 735 346 800 tepida
355 734 483 786 Phoebus
492 737 596 788 inficiet
606 743 677 800 rota,

93 809 178 868 Quam
189 819 231 856 me
240 805 363 856 relictam
374 803 522 856 Thessalae
535 805 685 872 adspiciant
694 810 789 858 nurus!

90 875 154 927 Meo
165 873 268 940 iugales
279 875 407 941 sanguine
420 875 575 940 extinguam
586 874 674 941 faces!
840 877 890 926 340

91 945 143 994 Aut
153 949 247 1009 pereat
260 979 268 1004 ,
280 948 327 992 aut
338 958 380 992 nie
391 942 517 1008 perimatl
530 943 600 994 elisis
610 943 678 994 feris
773 937 776 951 '

91 1013 127 1062 Et
137 1013 279 1078 coniugem
291 1010 385 1062 addat!
396 1013 468 1062 inter
479 1011 631 1062 Herculeos
640 1013 706 1062 licet

92 1082 136 1131 llle
147 1094 253 1146 quoque
264 1080 373 1131 labores
384 1086 520 1132 numeret:
531 1081 641 1132 Alcidae
651 1085 728 1132 toros

92 1149 224 1200 Moritura
235 1155 308 1198 certe
320 1164 435 1216 corpore
446 1149 595 1215 amplectar
604 1165 674 1199 meo.

91 1218 148 1278 lre,
158 1219 198 1267 ire
210 1216 243 1266 ad
255 1215 363 1267 umbras
374 1218 501 1278 Herculis
512 1223 624 1282 nuptam
632 1218 714 1280 libet3
840 1219 889 1268 345

92 1285 146 1337 Sed
156 1301 211 1335 non
217 1285 341 1335 inultam.
376 1283 407 1334 Si
418 1285 481 1353 quid
492 1301 507 1336 e
518 1292 611 1336 nostro
623 1286 741 1338 Hercule

91 1355 222 1420 Concepit
231 1354 301 1405 lole:
312 1354 434 1404 manibus
447 1354 558 1404 evellam
568 1355 635 1406 meis
686 1356 691 1364 ’

91 1424 173 1484 Ante,
185 1428 213 1473 et
223 1424 353 1488 peripsas
363 1422 487 1488 pellicem
497 1423 623 1473 invadam
633 1421 720 1474 faces!

91 1491 138 1542 Me
148 1490 259 1556 nuptiali
269 1491 407 1542 victimam
418 1491 500 1546 feriat
510 1491 554 1542 die

91 1557 222 1622 Infestus,
233 1559 308 1611 Iolen
319 1560 383 1610 dum
391 1575 474 1626 supra
485 1561 635 1611 exanimem
645 1559 733 1611 ruam!
840 1561 889 1612 350

90 1629 167 1680 Felix
178 1629 262 1690 iacet,
272 1630 436 1695 quicunque,
448 1643 515 1695 quos
526 1628 596 1687 odit,
608 1631 714 1696 premit.

89 1711 107 1747 rr
115 1711 133 1747 u
142 1711 193 1746 ra.
206 1697 277 1758 Quid
287 1698 348 1764 ipsa
358 1695 479 1747 flammas
491 1699 580 1764 pascis
592 1705 619 1748 et
631 1695 824 1747 vastumfoves

89 1766 167 1817 Ultro
178 1765 313 1826 dolorem,
323 1763 439 1816 miserat
459 1764 524 1832 quid
535 1781 640 1816 cassum
651 1763 747 1816 times!

88 1835 192 1884 Dilexit
201 1833 275 1885 lolen
285 1849 396 1900 nempe,
408 1849 469 1884 cum
481 1840 567 1884 staret
577 1851 683 1901 parens,

88 1904 223 1970 Regisque
235 1907 327 1952 natam
338 1907 452 1967 peteret.
487 1904 518 1952 ln
528 1901 647 1967 famulae
657 1903 746 1952 locum
840 1903 889 1951 355

90 1971 194 2037 Regina
205 1970 315 2021 cecidit:
327 1971 444 2034 perdidit
455 1971 526 2022 vires
538 1986 622 2029 amor,

89 2039 259 2106 Multumque
271 2038 360 2090 abillo
371 2040 455 2088 traxit
465 2037 559 2089 infelix
570 2045 668 2114 status.¹

90 2107 191 2158 lllicita
202 2113 338 2170 amantur3
351 2107 465 2169 excidit,
475 2107 602 2174 quidquid
612 2107 684 2157 licet.

89 2191 109 2227 o
117 2189 135 2225 a·
143 2189 208 2226 rau.
219 2175 340 2226 Fortuna
350 2189 469 2227 amorem
479 2175 553 2241 peior
563 2174 711 2238 inflammat
723 2177 815 2240 magis.

88 2247 171 2295 Amat
181 2243 224 2294 vel
235 2244 336 2310 ipsum,
348 2243 420 2310 quod
431 2249 507 2294 caret
518 2245 606 2309 patrio
615 2244 682 2304 lare,
840 2241 890 2292 361)

89 2313 171 2374 Quod
182 2313 269 2364 nudus
281 2327 347 2363 auro
359 2314 440 2363 erinis
450 2317 478 2362 et
488 2327 595 2378 gemma
604 2312 690 2374 iacet3

89 2381 168 2447 lpsas
180 2382 333 2433 misericors
345 2380 438 2431 forsan
450 2381 685 2430 aerumnns'amat.

90 2464 108 2498 a
116 2463 191 2498 ura.
202 2449 264 2502 Hoc
274 2451 404 2500 usitatum
416 2455 457 2500 est
467 2449 592 2510 Herculi,
604 2455 698 2516 captas
709 2455 791 2498 uniat,

88 2515 200 2568 Dilecta
208 2517 310 2568 Priami
320 2533 415 2582 nempe
427 2517 557 2567 Dardanii
568 2533 647 2568 soror

88 2587 229 2636 Concessa
238 2585 341 2637 famulo
353 2592 403 2636 est.
440 2585 536 2648 Adice,
548 2591 615 2653 quot
626 2589 724 2650 nuptas
735 2587 817 2650 prius,
841 2583 890 2634 365

89 2655 167 2716 Quot
178 2657 295 2725 virgines
307 2655 412 2706 dilexit:
425 2655 524 2707 erravit
533 2669 625 2722 vagas.
742 2661 746 2666 ’
