2070 3060
155 95 221 202 3⁰2,
318 148 352 200 L.
372 145 529 200 ΑΝΝΑΕΙ
551 143 743 200 SENECAE

217 250 332 301 Arcadia
341 265 436 317 nempe
446 249 536 318 virgo,
548 247 685 302 Palladios
698 247 798 302 choros
811 265 814 270 ·

215 321 287 369 Dum
296 320 395 380 nectit,
407 320 482 385 Auge
487 354 495 381 ,
507 319 560 369 rim
571 319 659 386 stupri
669 333 751 384 passa
762 318 872 380 excidit,

213 387 372 454 Nullamque
384 389 484 438 amoris
494 389 595 435 retinet
604 385 734 435 Herculei
745 392 847 436 notam.

153 456 203 505 370
215 455 342 505 Referam
352 455 415 521 quid
426 451 509 504 aliast
529 451 634 518 Nempe
645 449 815 520 Thespiades
826 461 936 520 vacant,

212 524 346 590 Brevique
357 525 383 573 in
395 523 454 572 illas
465 521 532 572 arsit
541 520 647 572 Alcides
659 519 729 572 face.

213 593 321 658 llospes
332 591 432 642 Timoli
442 589 559 656 Lydiam
569 587 638 640 fovit
648 603 754 653 nurum,

213 661 250 710 Et
261 675 352 711 amore
364 664 460 725 captus
472 657 507 708 ad
517 658 592 710 leves
602 657 674 709 sedit
685 659 769 721 colos,
781 695 791 712 s

213 729 298 780 Udum
311 727 397 780 feroci
408 731 513 778 stamen
523 728 682 794 intorquens
693 742 783 778 manu.

153 797 203 849 375
214 797 317 862 Nempe
328 795 376 846 illa
385 797 478 847 cervix
489 795 578 862 spolia
588 796 714 863 deposuit
725 795 810 860 ferae,

213 867 371 931 crinemque
382 865 464 915 mitra
474 865 585 932 pressit,
598 871 626 916 et
635 863 752 917 famulus
762 866 853 928 statie

212 934 321 984 Hirtam
332 930 440 984 Saliaea
450 933 586 984 marcidus
595 931 707 1000 myrrha
718 947 831 986 comam.

213 1003 317 1068 Ubique
329 1001 425 1064 caluit,
436 1001 483 1054 sed
495 1001 547 1052 leri
559 1001 640 1052 caluit
651 1001 726 1066 face;

214 1071 336 1120 Haerere
347 1076 470 1121 amantes
482 1077 544 1137 post
555 1084 638 1138 vagos
648 1071 725 1138 ignes
736 1071 833 1122 solent.

154 1139 203 1190 38⁰
214 1137 388 1190 Famulamne
401 1145 429 1190 et
438 1137 525 1190 hostis
536 1137 673 1205 praeferet
684 1144 794 1207 gnatam
806 1138 873 1190 tibit

213 1221 232 1256 n
240 1219 330 1257 sisu.
341 1208 377 1258 Ut
387 1207 443 1258 alta
453 1207 536 1258 silvas
546 1206 637 1258 forma
645 1211 790 1258 vernantes
801 1205 896 1272 habet,

214 1277 289 1337 Quas
300 1289 415 1326 nemore
421 1274 494 1325 nudo
505 1277 607 1340 primus
617 1275 729 1324 investit
739 1280 833 1342 ἱεροῖς

214 1345 248 1393 At
258 1357 319 1394 cum
330 1343 434 1394 solutos
446 1342 549 1410 expulit
560 1343 664 1394 Boreas
675 1341 774 1406 Notos,

214 1413 251 1463 llt
261 1425 343 1463 saeva
353 1417 426 1462 totas
437 1412 534 1462 bruma
544 1411 664 1462 decussit
675 1425 777 1474 conam,

155 1481 206 1532 385
217 1479 348 1531 Deforme
359 1480 424 1531 solis
435 1481 552 1546 adspicis
562 1481 665 1530 truncis
675 1494 783 1531 nemus:

214 1547 260 1598 Sic
270 1554 364 1599 nostra
374 1548 483 1616 longum
495 1547 585 1600 forma
594 1563 755 1615 percurrens
766 1549 828 1613 iter,

212 1616 349 1683 Deperdit
357 1617 457 1685 aliquid
467 1632 588 1683 semper,
600 1622 627 1668 et
637 1615 723 1684 fulget
732 1618 828 1681 minus,

212 1684 270 1736 Nee
279 1685 327 1735 illa
336 1699 420 1736 renus
431 1691 480 1736 est.
518 1683 654 1752 Quidquid
664 1686 692 1736 in
702 1685 842 1740 nobisfuit

213 1753 284 1803 Olim
294 1753 422 1819 petitum,
435 1750 534 1804 cecidit
544 1759 573 1804 et
583 1757 663 1820 partu
674 1753 748 1804 labat
754 1771 764 1818 3*

152 1821 202 1873 390
212 1821 354 1888 Materque
364 1822 478 1872 multum
490 1822 580 1888 rapuit
590 1835 623 1873 ex
633 1821 680 1872 illo
690 1820 764 1886 mihi,

211 1890 292 1940 Aetas
305 1890 389 1940 citato
400 1892 490 1941 senior
503 1891 602 1956 eripuit
611 1890 707 1956 gradu.

210 1955 309 2020 Vides,
320 1963 351 2008 ut
362 1955 445 2008 altum
455 1957 558 2010 famula
567 1973 621 2008 non
633 1959 731 2024 perdat
741 1957 840 2011 deeusi

138 2072 148 2093 Ι
213 2028 325 2078 Cessero
337 2026 424 2079 cultus
434 2029 555 2094 penitus,
567 2032 594 2078 et
604 2026 708 2092 paedor
718 2027 809 2090 sedet3

213 2096 317 2148 'samen
328 2107 377 2161 per
386 2098 459 2161 ipsas
470 2095 557 2162 iul‘get
567 2110 710 2146 aerumnas
722 2095 812 2158 decor,

153 2161 202 2212 395
214 2161 338 2230 Nihilque
350 2163 383 2214 ab
396 2165 443 2214 illa
453 2179 532 2214 casus
545 2169 573 2215 et
582 2162 668 2214 fatum
681 2178 763 2230 grave

213 2230 274 2281 Nisi
281 2245 365 2298 regna
374 2234 466 2283 traxit.
501 2233 555 2282 llic
567 2247 656 2283 meum
667 2237 762 2298 pectus
774 2233 866 2298 timor,

212 2299 310 2360 ¹iltriu,
320 2299 443 2365 lacessit3
453 2299 498 2350 hie
510 2301 581 2365 rapit
591 2315 700 2352 somnos
710 2315 803 2366 pavor.

212 2365 357 2417 Praeclara
366 2369 433 2419 totis
444 2367 569 2436 gentibus
581 2369 679 2418 coniux
690 2383 764 2420 eram
772 2363 786 2431 3'

212 2433 411 2502 'l'halamosque
422 2443 532 2488 nostros
542 2435 632 2487 invido
643 2441 708 2487 voto
719 2451 801 2487 nurus

151 2503 202 2552 too
214 2503 334 2570 optabat
344 2506 443 2556 omnis:
454 2519 507 2570 quo
517 2504 595 2553 nimis
606 2505 724 2571 quisquis
736 2504 801 2556 deos

213 2571 401 2622 Orabatullos.
437 2571 554 2622 Nuribus
563 2572 693 2638 Argolicis
703 2571 743 2623 fui

212 2640 339 2690 ltlensura
350 2641 414 2690 voti.
451 2639 538 2700 Quem
549 2639 607 2690 lori
617 2654 742 2692 socerum
755 2655 857 2707 parem,
