2086 3048
139 193 190 244 185
317 191 351 243 L.
387 189 542 242 ANNhEl
560 187 749 240 SENECAE

198 293 361 360 Patriaeque
373 293 489 355 cineres,
500 297 582 358 teque
592 291 727 343 rectorem
739 287 887 358 Phrygum,

69 361 72 364 ’
157 363 190 414 30
201 363 288 425 Quem
300 361 386 412 Troia
395 365 455 412 toto
467 361 604 412 conditum
615 373 699 426 regno
709 359 787 426 tegit,

198 431 326 496 Tuosque
336 443 447 490 manes,
460 443 513 496 quo
524 429 601 480 stetit
610 432 698 478 stante
709 427 786 488 ilion,

199 497 236 548 Et
245 512 294 549 vos
304 512 426 550 meorum
435 497 549 548 liberum
559 496 650 563 magni
661 510 767 563 greges,

199 565 316 618 Umbrae
327 566 459 616 minores:
472 565 602 632 quidquid
613 563 721 615 adversi
732 561 840 624 accidit,

199 635 383 700 Quaecunque
394 631 520 684 Phoebas
532 647 579 684 ore
589 630 732 698 lymphato
743 630 845 692 furens,

156 704 189 756 35
203 702 283 754 Credi
292 702 343 753 deo
354 707 476 764 vetante,
487 701 621 767 praedixit
630 701 711 762 mma,

198 772 279 824 Prior
288 769 404 822 Hecuba
413 769 466 819 ridi
476 769 601 840 gravida,
613 785 665 822 nec
675 767 750 818 tacui
759 771 858 828 metus,

199 841 235 890 Et
244 853 313 890 rana
323 842 400 889 vates
411 842 473 889 ante
485 837 664 890 Cassandram
673 835 722 886 fui.

199 907 260 958 Non
273 910 367 957 cautus
376 906 453 974 ignes
463 903 573 958 Ithacus
583 913 631 958 aut
641 903 727 958 ithaci
739 917 831 957 comes

200 975 354 1025 Nocturnus
363 975 392 1024 in
401 989 450 1026 vos
460 975 574 1042 sparsit,
586 981 634 1026 aut
644 973 728 1025 fallax
739 971 835 1022 Sinon:

157 1047 190 1094 40
200 1043 279 1094 Meus
289 1043 359 1108 ignis
369 1043 421 1093 iste
433 1047 488 1104 est,
499 1041 605 1094 facihus
616 1042 717 1094 ardetis
727 1042 803 1091 meis.

129 1148 134 1152 -
200 1109 254 1162 Sed
265 1109 329 1178 quid
339 1111 430 1160 ruinas
440 1110 514 1159 urbis
526 1123 638 1160 eversae
649 1110 744 1176 gemis,
801 1135 806 1144 ·

116 1231 118 1235 ,
202 1179 288 1232 Vivax
298 1177 441 1229 senectus?
461 1177 576 1241 Respice
586 1175 681 1228 infelix
692 1176 727 1226 ad
736 1173 786 1226 hos

201 1247 304 1297 Luctus
315 1251 451 1296 recentes:
462 1243 548 1294 Troia
557 1243 612 1294 iam
621 1251 700 1297 vetus
711 1249 753 1295 est
762 1243 870 1298 nialum.

200 1313 263 1367 Vidi
273 1313 455 1365 execrandum
464 1313 557 1378 regiae
569 1313 660 1364 caedis
671 1311 758 1373 nefas,
822 1363 830 1370 ..

157 1384 190 1434 45
201 1383 330 1448 lpsasque
342 1380 377 1431 ad
388 1395 449 1431 aras
460 1383 548 1431 maius
559 1379 706 1438 admissum
717 1379 804 1432 scelus

200 1451 300 1500 Aiacis:
313 1449 394 1500 armis
406 1463 467 1498 cum
477 1445 571 1512 ferox,
582 1461 665 1500 saeva
674 1463 756 1500 mauu

200 1521 285 1570 Coma
294 1516 436 1568 reflectens
447 1517 553 1582 regium
563 1521 638 1568 torta
647 1523 739 1582 eaput,

199 1586 260 1637 Alto
272 1584 417 1636 nefandum
428 1584 533 1636 vulneri
543 1583 645 1635 ferrum
656 1583 775 1646 ahdidit;

202 1654 282 1715 Quod
291 1655 398 1720 penitus
408 1657 499 1704 actum
511 1667 572 1702 cum
582 1654 732 1720 recepisset
740 1652 837 1718 libens,

159 1722 193 1772 50
203 1723 282 1772 Ensis
292 1721 368 1772 senili
379 1721 493 1788 siccus-e
504 1719 597 1788 iugulo
608 1721 688 1773 redit.
725 1775 727 1780 ,

202 1789 315 1840 Placere
327 1803 406 1855 quem
415 1803 470 1839 non
481 1789 572 1854 potuit
582 1802 598 1840 a
608 1789 693 1842 caede
705 1784 792 1840 effera

202 1857 326 1908 Mortalis
338 1857 397 1908 aeri
408 1856 546 1908 cardinem
557 1863 708 1910 extremum
718 1871 853 1924 premens,
956 1919 962 1928 p

203 1925 352 1992 Superique
362 1929 448 1976 testes
460 1925 584 1989 sceleris,
596 1930 624 1977 et
634 1925 772 1994 quondam
782 1940 891 1978 sacrum

202 1995 288 2062 Regni
299 1992 430 2045 iacentis?
449 1993 497 2046 lile
508 1999 552 2045 tot
561 2007 657 2062 regum
666 2009 765 2060 parens
783 2051 784 2056 ἵ

161 2063 195 2114 55
206 2063 288 2114 Caret
298 2061 423 2129 sepulcro
433 2061 572 2126 Priamus,
583 2069 611 2114 et
620 2061 729 2113 damma
739 2061 845 2130 indiget

203 2129 321 2183 Ardeute
337 2131 431 2182 Troia.
465 2130 527 2183 Non
536 2137 629 2182 tamen
640 2129 752 2198 Superis
764 2136 807 2182 sat
818 2136 873 2182 est:

204 2200 363 2262 Dominum,
375 2198 452 2252 eccei
464 2199 566 2252 Priami
574 2199 686 2251 nuribus
698 2205 726 2252 ct
736 2195 825 2268 gnatis
835 2199 931 2266 legens

206 2267 325 2318 Sortitur
334 2282 410 2319 urna.
445 2267 554 2320 Praeda
564 2281 644 2336 quem
654 2268 713 2319 silis
724 2263 838 2334 sequar!

205 2336 259 2386 llic
269 2336 398 2387 Hectoris
409 2337 536 2404 coniugia
546 2337 698 2402 despondet
708 2335 774 2398 sihi3

164 2404 198 2456 dt)
209 2404 263 2454 Hic
274 2410 352 2470 optat
361 2403 458 2457 Heleni
470 2407 627 2472 coniugem
637 2403 683 2458 hic
692 2403 849 2468 ,lutenoris3

205 2469 264 2524 Nec
276 2471 361 2537 deest,
372 2478 448 2536 tuos,
461 2472 625 2538 Cassandra,
636 2475 683 2542 qui
692 2469 826 2524 thalamos
836 2476 928 2538 petats

206 2540 271 2592 Mea
280 2555 340 2592 sors
351 2543 473 2604 timetnr3
484 2543 543 2593 sola
553 2557 612 2604 sum
622 2543 725 2595 Danais
735 2545 833 2593 metus.

207 2608 341 2659 Lamenta
351 2607 475 2659 cessanti
497 2610 604 2674 Turba,
617 2611 753 2680 captivae,
765 2625 835 2674 mea,

207 2676 298 2727 Feriis
309 2675 405 2741 palmis
416 2683 544 2744 pectora,
556 2685 584 2732 et
595 2681 718 2747 planctus
730 2679 803 2742 date,
