2070 3060
144 105 149 112 ⁸
193 141 421 197 narcucas
442 143 644 198 orrares
681 148 812 199 reru.
849 107 943 232 arcp

98 249 200 302 Paludc
213 251 273 297 tota
282 246 386 296 vastior
396 261 507 312 serpens
519 253 619 310 movet,
849 251 898 301 260

97 319 197 384 Ignara
208 315 291 378 vinci3
302 315 326 364 si
336 313 528 381 quid'excessit
538 315 611 366 ieras

98 386 233 446 immane,
244 383 345 444 dirum,
357 381 499 445 horribile,
511 398 564 450 quo
576 384 634 434 viso
644 384 780 437 Hercules

100 455 212 504 Avertat
223 451 329 502 ocules:
340 449 394 502 hcc
402 453 462 503 sinu
472 453 603 520 immense
616 461 697 503 exeat

101 521 153 572 Vcl
164 521 187 571 si
197 520 271 572 ferae
283 525 430 588 negantum
438 519 508 570 hanc
521 521 637 572 animam
648 535 746 586 precor

102 592 235 640 Converte
245 589 273 638 in
283 587 394 656 aliquid!
417 589 557 654 quodlibet
569 605 678 656 pessum
690 589 790 641 malum
851 591 900 641 265

100 657 163 710 Hac
172 661 263 708 mente
273 657 340 708 fieri.
377 657 526 707 Commode
537 657 653 724 effigiem
664 656 729 708 mihi

100 725 200 777 Parem
210 724 308 776 doloris
319 740 373 776 nen
385 726 458 792 capit
465 732 561 792 pectus
572 728 668 778 urinas.

102 793 174 855 Quid
185 795 288 844 excutis
299 793 402 845 telluris
414 801 553 846 extremae
563 796 646 857 sinus,

102 863 256 928 Orbcmque
266 861 375 914 rersasl
397 863 460 930 quid
473 879 555 930 rogas
563 863 656 919 Ditem
667 862 754 914 malai

101 933 202 982 Omnes
212 931 240 980 in
250 932 304 981 isto
313 936 425 997 pectore
436 933 555 983 invenies
566 931 648 994 feras,
853 933 902 982 270

102 1001 177 1060 Quas
187 999 289 1049 timuit=
301 999 369 1050 ediis
380 1002 473 1063 accipe
484 998 537 1050 hoc
546 1000 629 1049 telum
640 1001 708 1050 tuis:

99 1068 161 1134 Ego
172 1081 231 1117 sum
241 1067 371 1118 noverca!
388 1066 507 1117 Perdere
518 1065 628 1116 Alciden
638 1075 731 1134 potes:

101 1135 200 1187 Profer
210 1149 304 1185 manus
315 1149 485 1201 quoeunque.
521 1133 592 1194 Quid
604 1149 708 1199 cessas,
720 1135 788 1188 deal

101 1205 184 1255 Utere
195 1201 314 1253 furente!
329 1202 409 1264 Quod
418 1203 496 1253 iubes
506 1201 565 1252 fieri
576 1201 669 1253 nefasl

100 1271 212 1339 Reperi!
236 1271 306 1332 Quid
316 1269 430 1322 haeresi
449 1271 576 1336 lpsaiam
588 1285 678 1322 cesses
689 1271 763 1335 licet,
833 1273 900 1322 Δ2*ίῦ

101 1341 180 1392 llaec
189 1341 232 1390 ira
241 1341 308 1390 satis
318 1345 368 1389 est.
403 1351 505 1389 surr.
526 1339 650 1390 Pectoris
662 1341 719 1389 sani
731 1355 834 1406 parum,

101 1409 227 1468 Alumrra,
238 1413 347 1472 questus
358 1409 506 1474 comprime
517 1411 545 1457 et
555 1406 678 1458 flammas
689 1407 782 1458 donia!

101 1477 192 1528 Frena
202 1474 334 1526 dolorem!
351 1476 493 1542 coniugem
503 1473 617 1526 ostende
627 1475 767 1527 Herculis!

101 1559 121 1596 n
130 1557 219 1594 cras.
230 1545 286 1595 lole
296 1544 362 1596 meis
373 1547 482 1610 captiva
490 1558 634 1612 germanos
645 1543 720 1595 dabit

103 1614 213 1674 Gnatis,
225 1611 656 1680 lorisquetietefamulanurusl
851 1615 901 1663 280

99 1681 173 1733 Num
183 1679 291 1732 flamma
302 1697 395 1732 cursus
406 1683 509 1749 pa1iter
520 1687 548 1732 et
557 1686 665 1732 torrens
675 1679 774 1746 ferent,

98 1753 136 1802 Et
146 1751 215 1800 Ursa
225 1755 339 1816 pontum
350 1751 424 1800 sicca
434 1751 589 1802 coeruleum
599 1749 691 1802 bibetl

98 1817 161 1870 Non
171 1819 216 1868 iho
227 1817 324 1868 inulta!
347 1818 470 1870 Gesseris
482 1819 587 1873 coelum
597 1819 671 1883 licet,

100 1888 243 1952 Tetusque
254 1899 350 1953 pacem
361 1887 461 1938 debeat
472 1889 586 1940 mundus
596 1889 659 1938 tibi:

101 1955 155 2005 Est
164 1954 262 2021 aliquid
272 1953 362 2020 hydra
371 1957 573 2022 potius‚iratae
584 1957 663 2008 dolor
851 1957 901 2009 285

101 2021 220 2088 Nuptae.
256 2024 321 2084 Quis
332 2025 401 2090 ignis
413 2029 503 2074 tantus
515 2027 543 2074 in
553 2025 657 2076 coelum
668 2021 735 2074 furit
770 2084 775 2088 p

101 2090 227 2142 Ardentis
238 2091 356 2143 Aetnaei
379 2093 515 2160 Quidquid
526 2098 568 2144 est
578 2095 679 2142 rictum
691 2093 749 2154 tibi,
846 2113 850 2118 ’

102 2159 159 2210 Hic
169 2160 259 2209 vincet
270 2159 380 2212 animus.
418 2163 505 2227 Capta
515 2162 664 2227 praeripiet
674 2158 768 2212 torosi

102 2225 198 2278 Adhuc
208 2227 336 2278 timebam
348 2237 482 2292 menstra3
492 2231 546 2279 iam
558 2230 658 2280 nullum
671 2235 712 2281 est
723 2229 830 2282 malum.

103 2297 217 2346 cessere
228 2300 368 2362 pestes3in
378 2299 467 2350 locum
478 2300 552 2350 venit
561 2297 636 2351 ferae
851 2295 901 2348 290

102 2363 193 2414 Invisa
203 2365 299 2429 pellex.
337 2365 445 2419 Summe
457 2366 525 2434 proh
536 2373 628 2419 rector
640 2367 729 2430 deum,

101 2432 139 2482 Et
149 2431 221 2484 clare
232 2433 327 2495 Titan,
338 2436 464 2487 Herculis
475 2441 579 2487 tantum
591 2435 629 2488 iul

101 2500 208 2552 Coniux
217 2502 344 2554 timentis.
380 2505 454 2556 Vota
464 2521 532 2572 quae
544 2505 654 2573 Superis
664 2505 723 2568 tuli,

100 2569 213 2621 Cessere
225 2575 337 2636 captae3
350 2574 438 2640 pellici
448 2573 514 2624 felix
524 2573 572 2626 fui.

97 2637 141 2690 llli
151 2653 226 2692 meas
238 2639 367 2706 audistis,
379 2657 395 2694 c
407 2640 517 2710 Superi,
528 2643 637 2712 preces!
