2076 3046
133 167 167 218 so
318 231 320 236 ι
346 159 767 214 000000100ΝοοΜ

214 268 343 327 (1001000,
354 262 450 316 tellusl
462 263 563 314 non‘ad
573 263 707 314 infernam
718 263 805 332 Styga

213 337 254 386 'l'e
264 349 366 401 nosque
377 335 489 399 mergis,
501 338 580 399 rupta
592 339 620 383 et
629 334 732 400 ingenti
742 335 786 384 via

134 405 202 456 1010
210 403 251 456 Ad
264 402 347 454 chaos
357 403 438 452 10000
449 417 534 468 regna
545 416 606 453 curn
618 416 682 466 rege
693 401 812 467 abripis!

215 472 277 523 Non
287 476 349 522 tota
361 471 395 522 ab
405 471 460 520 imo
471 475 546 521 tecta
558 469 711 520 convellens
722 471 781 520 solo

214 541 308 592 Vertis
319 537 469 604 Mycenasl
491 535 571 588 Stare
583 540 656 589 circs
668 539 814 588 Tantalum

215 611 336 676 Uterque
346 610 401 658 iam
413 605 567 658 debuimus:
578 605 643 656 hinc
655 607 831 674 compagibus

215 679 250 728 Et
261 677 322 727 hinc
333 677 459 738 revulsis,
472 675 495 726 si
506 675 568 741 quid
579 674 651 725 infra
662 675 781 725 'l'artara
793 683 835 725 est

136 747 203 798 1015
215 748 338 812 rivosque
349 751 473 806 nostros,
484 741 538 794 huc
548 749 622 793 tuam
634 742 745 793 immani
755 745 815 794 sinu

214 815 335 866 Denu'tte
346 813 443 864 vallem
448 849 456 874 ‚
467 825 570 879 nosque
582 812 705 862 defossos
717 818 779 879 tege

216 881 370 934 Acheronte
381 880 454 932 toto!
466 882 565 931 noxiae
576 895 659 947 supra
670 885 753 946 caput

108 955 112 962 '
178 966 182 972 ’
214 952 325 1001 Animae
336 955 470 1017 vagentur
479 953 655 1010 nostrum,et
666 950 770 1000 ardenti
781 947 853 999 freto
890 944 895 952 ’

214 1015 385 1085 Phlegethon
395 1033 492 1069 arenas
503 1019 599 1084 igneus
609 1023 682 1068 totas
693 1032 777 1086 agens
853 1077 859 1086 1
924 1066 936 1076 ,

137 1091 204 1138 1020
215 1088 395 1152 Exitiasupra
405 1092 500 1138 nostra
509 1085 724 1137 violentuslluat.

215 1157 343 1216 Immota,
356 1155 449 1218 tellus,
460 1155 566 1222 pondus
576 1155 715 1222 ignavum,
726 1153 818 1204 iaces!

214 1225 321 1291 Fugere
333 1221 438 1288 Superi.
461 1223 574 1273 srmAt
586 1225 678 1288 accipe
690 1220 739 1273 hos
751 1223 842 1288 potius
853 1221 943 1272 libens
973 1229 980 1240 ·

214 1293 270 1342 Diu
281 1291 428 1358 expetitos!
446 1289 527 1358 Nulla
536 1305 585 1358 per
594 1289 708 1350 fratrem
720 1297 761 1342 est
771 1305 861 1340 mora:

214 1361 331 1421 Fruere,
343 1360 479 1422 osculare,
490 1359 579 1410 divide
591 1359 731 1424 anrplexus
743 1357 843 1420 tribus!

136 1428 203 1480 1025
216 1426 940 1495 urs.Hocfoedusthaecestgratiothaecfrotrisfidesl

170 1529 174 1536 =
216 1494 261 1547 si'c
274 1496 337 1547 odia
348 1495 445 1562 ponisl
464 1495 525 1547 Non
536 1502 616 1562 pcto,
628 1497 778 1548 incolumes
790 1503 869 1562 pater

217 1564 322 1616 Gnatus
332 1571 363 1615 ut
373 1563 502 1630 habeam3
514 1565 618 1616 scelere
630 1565 702 1631 quod
714 1565 789 1630 salso
801 1564 860 1614 dari

217 1633 340 1700 Odioque
351 1635 452 1699 possit,
464 1632 550 1684 frater
558 1631 613 1684 hoc
621 1633 738 1684 'fratrem
749 1647 831 1698 rogo:
874 1690 877 1694 ,

216 1699 337 1768 Sepelire
348 1702 438 1752 liceat.
456 1702 564 1763 Redde,
575 1700 648 1768 quod
660 1713 755 1752 cernas
767 1702 858 1752 statim

136 1767 203 1820 1030
215 1771 271 1822 Uri.
289 1767 362 1819 Nihil
371 1775 400 1819 te
410 1771 518 1836 genitor
528 1768 671 1820 habiturus
681 1785 764 1836 rogo,

216 1835 271 1888 Sed
280 1837 444 1902 perditurus.
462 1851 538 1887 sun.
551 1837 688 1904 Quidquid
698 1852 713 1887 e
722 1838 812 1904 gnatis
823 1839 882 1887 tuis

215 1903 355 1972 Superest,
364 1902 492 1968 habebis3
501 1903 688 1972 quodquenon
698 1913 831 1969 superest,
844 1905 930 1956 habes

215 1987 292 2023 rur.
303 1974 434 2025 Utrumne
445 1975 533 2024 saevis
542 1973 673 2040 pabulum
683 1972 792 2025 alitibus
802 1975 902 2034 iacent,

213 2037 357 2094 Anbelluis
369 2041 527 2092 serranturl
544 2057 578 2092 00
589 2040 789 2108 pascunt'feras
886 2060 888 2066 ·

134 2107 202 2160 lost
212 2109 345 2175 Epulatus
356 2111 415 2176 ipse
426 2125 455 2160 es
465 2111 549 2176 impia
558 2116 656 2178 gnatos
668 2110 746 2176 dape.

213 2191 290 2228 rrrr.
309 2177 372 2228 Hoc
384 2183 438 2240 est,
456 2178 522 2231 deos
533 2179 604 2244 quod
615 2178 722 2244 puduitl
732 2177 788 2230 hoc
798 2179 855 2246 egit
865 2179 940 2230 diem

214 2248 343 2296 Aversum
353 2247 381 2296 10
392 2246 481 2298 ortus!
501 2248 575 2307 Quas
585 2247 667 2298 miser
677 2262 759 2298 voces
771 2247 857 2312 daho,

214 2315 386 2382 Questusque
397 2313 482 2382 quosl
503 2330 572 2382 0000
583 2314 666 2374 verba
676 2316 812 2366 sufficient
821 2312 906 2366 mihil

212 2381 340 2434 Abscissa
350 2398 431 2434 cerno
445 2385 536 2450 capita
546 2389 575 2435 01
585 2384 692 2434 avulsas
701 2398 811 2446 manus,

134 2449 709 2520 10101110001010001100000010000ονὶο
951 2507 954 2512 .

212 2519 275 2568 Hoc
287 2525 342 2582 cst,
353 2521 425 2586 quod
436 2521 530 2572 avidus
542 2535 641 2588 capere
651 2535 705 2574 000
715 2521 793 2586 potui
805 2525 894 2585 pater,

212 2586 363 2638 Volvuntur
372 2589 444 2638 intus
455 2591 574 2651 viscera,
585 2594 613 2639 et
624 2589 744 2639 clausum
756 2587 833 2640 nolas

211 2653 274 2708 Sine
286 2655 360 2710 exitu
369 2656 501 2725 luctatur,
513 2665 541 2714 et
552 2659 657 2727 quaerit
663 2655 768 2724 legam.
