2070 3060
156 223 382 280 denodans
407 225 613 280 orroeos
631 193 719 284 non.
738 233 772 286 rr.
807 235 857 288 eor

60 330 148 378 Intret
158 327 297 379 medullas.
316 339 416 379 nitra.
428 329 511 381 orius
522 331 595 382 iussa
605 347 734 401 exequar,

59 397 187 458 Alunrna3
198 396 323 464 precibus
333 402 364 446 tu
375 396 454 446 deum
463 399 592 450 invictum
603 401 716 466 advoca,
807 405 858 458 540

60 465 115 525 Qui
126 471 201 515 corta
211 469 305 516 tenera
314 465 371 516 teia
381 465 491 516 dtrnittit
500 481 590 518 manu.
857 495 860 500 ¹

60 546 178 584 aaran.
189 533 244 596 Te,
253 539 283 584 to
291 547 404 600 precor,
415 547 495 602 quem
503 536 652 589 mundaret
663 537 798 608 §aperiti-

575 613 652 657 ment

60 669 98 720 Et
108 683 224 736 aequor,
234 673 275 730 et,
288 669 333 736 qai
343 667 443 722 fulmen
452 671 602 724 semma
613 677 711 744 qtratis,

59 738 193 788 'rimende
205 739 284 788 matri
295 737 391 806 tetiger
399 753 498 792 saevae
507 755 590 806 puer:

58 806 173 858 Intende
185 811 260 857 certa
271 807 402 871 spiculum
412 808 490 859 velox
500 823 592 871 rnanu,
807 812 858 866 ort

59 873 123 923 Non
135 888 150 923 e
160 875 266 941 sagittis
277 874 391 938 teribus3
403 891 418 925 e
429 891 556 939 nomem,
566 883 673 944 precdr,

61 943 196 992 Graviore
208 941 315 1008 profer,
326 943 397 1010 quod
409 949 472 996 tuae
482 946 600 996 nondum
611 962 706 1000 manus

57 1011 159 1061 Misere
170 1011 197 1060 in
208 1011 336 1078 aliquante
347 1026 400 1062 non
411 1011 463 1064 leri
473 1013 528 1085 telo
539 1019 582 1064 est
593 1029 670 1080 opus,

9 1095 10 1122 r
58 1081 96 1128 Ut
106 1093 197 1128 anrare
208 1081 294 1144 possit
305 1080 445 1130 Hercules.
481 1082 591 1148 Rigidas
601 1097 696 1135 manus

58 1146 185 1208 Intende,
196 1153 224 1198 et
236 1159 328 1199 areum
335 1149 573 1204 oornibnsiuneds
583 1151 662 1216 pere!
806 1155 856 1206 55⁰
935 1179 938 1188 ⁴
999 1165 1005 1176 ·

59 1214 152 1276 Nune,
163 1230 232 1265 nuno
243 1217 370 1265 saotttanr
383 1231 491 1282 prorae,
503 1231 557 1284 qua
568 1219 703 1285 quondam
713 1219 839 1275 horridus

59 1285 150 1350 iorem
162 1284 265 1350 petisti,
274 1255 387 1335 iulmine
398 1284 504 1336 abieoto
516 1285 582 1336 deus

9 1413 10 1416 Ἴ
57 1353 126 1402 Corn
137 1351 226 1403 fronte
237 1351 326 1402 subito
337 1354 449 1415 tumuit,
459 1360 488 1404 et
498 1355 621 1420 rapidum
631 1369 707 1410 mare

58 1421 167 1470 'rannus
178 1420 283 1486 puellae
293 1425 387 1471 rector
397 1421 523 1487 Assyriae
535 1423 621 1472 scidit.

56 1489 175 1540 immitte
187 1487 319 1540 amorem!
340 1490 432 1540 tinost
441 1491 566 1556 exempla
576 1491 679 1544 omnia!
806 1495 855 1545 555

56 1559 155 1609 Amare
165 1556 251 1608 diseat
262 1558 416 1624 coniugem!
437 1557 466 1610 Si
477 1571 544 1626 quos
555 1559 640 1612 decor
668 1585 670 1592 v

56 1626 129 1677 loles
139 1627 233 1676 inussit
243 1627 347 1692 pectori
358 1625 494 1678 Herculeo
506 1626 591 1691 faces,

55 1695 192 1761 Extingue
203 1700 290 1744 totas:
301 1694 427 1760 perbibat
436 1693 559 1746 flammas
568 1696 631 1746 mei.
665 1697 667 1702 ’

53 1765 99 1814 'l'u
123 1763 294 1814 utninanten
305 1775 386 1829 saepe
397 1763 524 1816 domuisti
533 1765 634 1827 iovem,

54 1833 100 1881 'l'u
141 1846 188 1880 rra
199 1832 268 1898 nigri
278 1837 386 1896 sceptra
395 1837 548 1900 gestantem
558 1833 623 1898 poli,
803 1833 854 1884 560
924 1836 928 1845 ¹

53 1899 165 1950 'l'urbae
176 1899 272 1950 ducem
282 1901 405 1961 maioris,
417 1906 446 1950 et
455 1901 592 1950 dominnm
603 1899 711 1968 Stygis:
812 1925 816 1934 ·

54 1968 166 2032 'i'uqne,
177 1981 193 2016 o
204 1981 320 2018 noverea
330 1969 438 2035 gratior
447 1970 518 2019 irata
528 1969 605 2037 deas,

56 2036 130 2101 Cape
141 2031 212 2086 huno
223 2035 400 2102 triumphurn,
411 2037 486 2088 solus
497 2043 525 2088 et
534 2039 613 2087 vince
623 2033 783 2088 Herculem!

55 2119 71 2152 n
83 2117 124 2153 or
131 2117 158 2152 a.
169 2102 279 2154 Prolata
289 2105 328 2154 vis
339 2111 395 2166 est,
406 2119 529 2172 quaeque
539 2103 662 2157 Palladia
672 2103 734 2156 oola

51 2172 182 2222 Lassarit
193 2186 297 2222 omnem
307 2178 384 2224 texta
394 2172 552 2224 famularem
562 2185 679 2224 manum.
800 2170 850 2223 tot

51 2240 132 2291 Nune
144 2247 305 2306 congeratur
314 2241 400 2303 virus,
410 2247 441 2292 ut
450 2243 533 2294 vestis
545 2241 622 2294 bibat

51 2306 317 2374 Herculea'pestenr3
328 2309 453 2376 precibus
464 2311 570 2378 augebo
581 2307 688 2359 malurn.

51 2378 85 2428 ln
97 2381 219 2442 temporo
228 2378 288 2442 ipso
297 2391 400 2445 gnerus
412 2382 532 2433 occurrit
542 2376 653 2429 Lichas.

52 2444 174 2494 Celanda
183 2445 222 2496 ris
235 2452 277 2496 est
287 2446 359 2496 dira:
371 2455 405 2497 ne
415 2453 528 2512 pateant
538 2447 601 2498 doli.

50 2525 169 2563 ueras.
181 2513 218 2576 0,
230 2514 302 2582 quod
314 2514 447 2581 superbae
456 2531 510 2568 non
516 2511 791 2581 habentnnqdnmdo·
799 2577 850 2634 m

207 2606 213 2620 ι
564 2597 634 2645 mus,

48 2645 145 2702 Fidele
157 2663 264 2716 semper
273 2651 383 2720 regibus
393 2651 612 2715 nomen,Lioha‚
638 2663 640 2677 ³

52 2718 129 2784 Cape
140 2717 190 2770 hos
201 2721 331 2783 amiotus,
341 2723 435 2772 nostra
445 2735 512 2790 quos
521 2721 595 2774 nevit
604 2727 708 2837 mgni?
