2070 3060
164 161 213 216 ere
318 159 369 227 [ι.
404 157 788 230 nuunmsunacna]

128 277 131 282 ·
222 263 367 329 Plebisque
376 262 461 325 votis,
471 266 553 328 atque
563 261 692 318 iudicium
703 265 809 328 patrum
820 271 870 316 est

161 335 212 385 490
223 333 267 383 Tu
277 333 352 399 pacic
364 337 469 392 auctor,
483 330 597 396 generis
607 327 717 382 humani
727 331 841 396 arbiter,

220 401 344 463 Electus;
356 401 449 451 orbem
460 404 490 448 tu
500 412 579 450 sacra
589 401 680 465 specie
691 401 772 468 regis,

219 469 330 522 Patriae
341 483 452 535 parens3
463 467 535 534 quod
546 482 643 518 numen
653 473 685 518 ut
694 483 785 520 serves
795 471 873 535 petit,

220 535 345 604 Suoaque
357 538 429 588 eires
440 536 527 587 Roma
537 536 709 588 commendat
719 537 776 588 tibi.

220 619 320 656 nano.
339 606 438 656 Munus
452 605 563 656 deorum
575 609 631 665 ent,
646 606 706 670 ipsa
716 604 790 672 quod
799 607 882 657 servit
897 606 964 658 mihi

160 676 212 728 405
223 675 310 725 Roma
320 680 348 726 et
358 673 488 734 Senatum
498 672 623 739 quodque
634 672 668 722 ab
680 673 768 724 invitia
779 689 874 740 precer

221 743 395 809 Humilesque
406 754 488 792 voces
500 741 626 804 exprimit
637 743 722 792 nostri
728 748 824 803 metus.

222 810 336 862 Servate
347 812 418 860 cives
428 809 542 875 principi
553 815 581 860 et
592 810 696 875 patriae
707 825 813 878 graves,
964 857 966 866 ,
978 866 981 872 ,

222 879 303 930 Claro
315 883 450 928 tumentes
461 893 574 944 genere,
587 893 656 944 quae
668 878 804 930 dementia
816 887 880 947 eat„

90 1009 95 1014 q
222 949 289 998 Cum
299 947 381 998 liceat
391 961 446 997 una
454 961 524 996 voce
532 953 674 1013 suspectos
685 947 737 998 sibi

163 1017 214 1067 500
223 1017 295 1068 Mori
305 1014 416 1084 iuberet
426 1016 527 1066 Brutus
536 1017 564 1065 in
575 1015 686 1068 eaedem
696 1015 780 1079 ducis,

222 1088 243 1136 Α
255 1099 308 1152 quo
319 1084 434 1136 salutem
445 1084 559 1146 tulerat,
569 1085 685 1135 arctavit
695 1099 797 1136 manus.

223 1155 342 1205 Invictus
353 1154 425 1215 acie,
436 1154 556 1220 gentium
567 1153 699 1215 domitor,
711 1155 769 1204 iovi

222 1224 359 1289 Aequatus
371 1221 441 1272 altos
452 1237 534 1286 saepe
545 1235 594 1287 per
602 1219 736 1272 honorum
748 1221 857 1288 gradus,

226 1293 327 1342 Caesar
337 1289 454 1342 nefando
467 1291 564 1340 civium
574 1289 677 1340 scelere
688 1290 797 1341 occidit.

164 1360 214 1410 505
228 1361 364 1422 Quantum
377 1360 480 1412 curetis
490 1359 577 1410 Roma
587 1364 650 1409 tunc
661 1358 728 1408 vidit
739 1360 788 1420 aui,

224 1429 362 1480 Lacerata
371 1425 537 1490 toties'illie,
550 1429 594 1495 qui
604 1428 704 1478 meruit
715 1430 760 1493 pia
795 1471 798 1481 .
843 1473 856 1492 ,

224 1497 333 1550 Virtute
346 1497 465 1560 cceluiir,
478 1497 553 1548 dirus
563 1498 713 1563 Augustus,
722 1497 795 1547 vires

225 1567 301 1626 Quot
309 1567 447 1616 interemit
459 1565 575 1627 nobiles,
585 1566 710 1627 iuvenes,
721 1580 808 1626 aenea,

225 1633 401 1701 Sparnes'per
412 1634 518 1696 orbem,
530 1649 591 1686 eum
599 1649 664 1684 auos
672 1635 768 1684 mortis
780 1638 854 1684 metu

105 1743 107 1748 ,
162 1703 213 1754 510
224 1703 363 1768 Fugerent
371 1707 485 1768 penates
495 1707 524 1752 ct
533 1703 614 1752 trium
619 1701 729 1768 „ferrum
739 1702 846 1764 ducum,

223 1771 330 1820 Tabula
341 1777 453 1821 notante
464 1771 570 1821 deditos
583 1772 653 1836 tristi
666 1769 743 1822 neeii

222 1839 356 1904 Exposita
366 1839 461 1888 rostris
473 1841 565 1905 capita
576 1837 718 1890 caesarum
728 1844 819 1906 patrea

221 1907 322 1960 Videre
333 1905 520 1966 moestifflere
531 1922 582 1958 nee
591 1907 667 1957 licuit
676 1923 749 1970 suos,

222 1975 283 2026 Non
294 1989 417 2042 gemere,
428 1973 487 2024 dira
498 1974 561 2024 tabe
572 1975 674 2040 polluto
686 1975 756 2038 iore,

164 2045 213 2095 51⁵
226 2042 349 2094 stillante
360 2044 435 2094 sanie
446 2058 495 2109 per
505 2048 599 2108 putres
607 2043 697 2094 vuitus
706 2045 790 2111 gravi.

222 2113 281 2164 Nee
291 2112 353 2163 tinia
364 2111 407 2162 hic
419 2113 523 2162 cruoris
533 2118 581 2162 aut
593 2112 684 2163 caedis
692 2113 781 2163 stetit:

223 2181 327 2233 Pavere
338 2180 460 2232 volucres
473 2179 582 2231 etseras
594 2196 689 2231 saevas
700 2180 743 2231 diu

224 2251 329 2300 Tristes
341 2248 471 2314 Pirilippi3
483 2247 574 2298 hausit
584 2255 612 2300 et
623 2247 741 2302 Siculum
752 2245 827 2302 mare

224 2318 343 2378 Classes,
353 2319 480 2383 virosque
491 2331 573 2382 saepe
584 2316 719 2368 cedentes.
736 2315 797 2368 Suis

163 2387 213 2436 520
225 2387 381 2436 concussus
390 2386 462 2436 orbis
472 2387 581 2438 viribus.
601 2386 716 2452 Magnus
727 2385 824 2436 ducum

223 2452 372 2520 Superatus
384 2456 456 2517 acie,
466 2454 599 2520 puppibus
611 2453 699 2504 Nilum
709 2455 778 2522 petit

222 2523 315 2590 Fugae
327 2524 441 2587 paratis,
452 2523 510 2588 ipse
521 2523 655 2590 periturus
667 2523 750 2573 brevi.

223 2590 450 2642 Hausiteruorem
461 2591 565 2642 incesta
575 2591 689 2642 Romani
700 2591 776 2642 ducis

222 2659 360 2725 Aegyptus
372 2660 483 2720 iterum,
495 2675 564 2712 nune
575 2658 647 2711 leven
658 2659 768 2712 umbrat
779 2661 855 2728 tegit.
