2070 3060
172 155 221 208 sss
344 149 396 218 [c.
426 147 584 201 sunum
603 146 814 216 snuacnnJ

149 307 153 316 ,
230 255 338 321 Spernit
350 251 469 320 Superos
478 249 655 318 hominesque
667 251 791 318 simulpſj
821 287 822 292 ,
917 309 920 313 ,

227 323 284 374 Nec
294 323 430 374 fortunam
442 323 514 387 capit
524 323 583 387 ipse
594 335 679 384 suam,

183 393 216 444 90
228 394 316 454 Quam
331 392 405 442 dedit
416 391 453 440 illi
464 405 513 458 per
523 389 610 440 scelus
620 390 715 456 ingens

225 460 340 512 infanda
350 475 456 526 parcns.
475 459 555 509 Licet
565 459 702 524 ingratum

225 530 310 580 Dirae
321 529 423 596 pudcat
433 542 543 578 munere
555 527 650 576 matris

226 599 287 648 lloc
298 598 441 663 imperium
453 597 570 662 cepisse3
582 595 648 645 licet

226 668 344 716 'l'antum
353 676 450 715 munus
462 669 548 715 morte
561 663 704 730 rependat:

182 737 215 788 95
226 737 308 788 Feret
318 733 389 783 hunc
402 733 509 783 titulum
520 739 583 800 post
594 731 652 784 iata
662 737 753 783 tamen

223 805 337 855 Femina
347 803 429 869 longo
439 817 546 868 semper
556 803 583 851 in
593 816 670 852 aero.

154 909 163 922 ,.
225 885 326 922 nura.
337 871 423 922 Animi
434 871 520 922 retine
531 871 615 922 verba
624 867 752 921 iurentis!

226 941 343 991 Temere
355 940 480 990 emissam
491 941 639 1004 comprime
650 937 760 989 vocem!

227 1021 299 1059 ocr.
329 1007 485 1060 Toleranda
503 1008 732 1076 quaevis-patiar:
760 1003 834 1058 baud
850 1025 968 1080 unquam

680 1081 764 1126 ceant

166 1148 216 1198 100
228 1145 286 1198 Nisi
298 1151 385 1197 morte
396 1145 468 1196 tristi
478 1149 572 1194 nostra
582 1142 654 1201 liniri
662 1092 745 1195 dala

178 1248 180 1254 ν
227 1215 365 1266 Genitrice
377 1229 471 1276 caesa,
482 1227 531 1278 per
541 1211 628 1262 scelus
640 1219 722 1277 rapto
729 1219 817 1279 patre,

227 1283 332 1334 Orbata
341 1283 440 1344 tratre,
452 1281 578 1342 miseriis,
589 1279 664 1330 luctu
675 1281 781 1342 obruta,

226 1352 355 1403 Moerore
367 1365 475 1418 pressa,
486 1349 595 1416 coniugi
604 1349 704 1412 invisa,
717 1365 750 1400 ac
760 1363 837 1400 meae

228 1419 357 1472 Subiecta
367 1419 499 1480 famulae,
509 1418 570 1468 luce
580 1433 634 1468 non
645 1425 725 1486 grata
735 1417 820 1480 fruor,

168 1489 217 1539 105
230 1489 396 1555 Trepidante
408 1503 516 1552 semper
527 1486 623 1549 corde,
635 1503 688 1537 non
699 1488 793 1538 mortis
805 1493 892 1551 metu,

227 1555 281 1608 Sed
292 1557 410 1608 sceleris.
428 1556 503 1606 Absit
513 1557 615 1606 crimen
626 1570 643 1606 a
653 1555 717 1607 fatis
727 1557 802 1618 meis,
844 1581 847 1587 ·

226 1625 299 1676 Mori
309 1625 424 1676 iurabit:
437 1638 526 1689 poena
536 1639 596 1674 nam
608 1627 718 1690 gravior
728 1641 793 1676 nece
805 1632 849 1689 est

225 1693 326 1745 Videre
337 1691 454 1744 tumidos
466 1697 494 1742 et
505 1696 596 1743 truces
606 1693 721 1746 miserae
732 1692 797 1743 mihi

224 1761 323 1813 Vultus
334 1762 456 1827 tyranni,
467 1762 578 1828 iungere
591 1767 672 1828 atque
683 1760 755 1814 busti
765 1762 874 1826 oscula3

165 1833 215 1882 110
226 1831 336 1881 Timere
347 1835 442 1892 nutus,
455 1831 530 1880 cuius
543 1831 700 1896 obsequium
712 1847 786 1882 meus

224 1899 308 1951 Haud
318 1898 389 1950 serre
400 1904 494 1965 posset
505 1897 564 1948 fata
575 1905 638 1964 post
648 1898 742 1950 fratris
753 1899 840 1962 dolor,

226 1969 335 2020 Scelere
345 1969 497 2029 interemti,
510 1968 584 2017 cuius
595 1969 738 2033 imperium
748 1975 824 2020 tenet

140 2033 142 2044 ’
224 2039 261 2090 nt
272 2043 359 2088 morte
370 2037 471 2105 gaudet
482 2041 578 2087 auctor
586 2035 713 2088 infandae
722 2039 808 2096 necisa

183 2117 187 2123 ·
225 2107 313 2168 Quam
324 2121 406 2173 saepe
417 2107 502 2157 tristis
513 2105 608 2155 umbra
617 2107 738 2172 germani
750 2107 817 2157 meis

165 2175 215 2228 115
227 2175 348 2226 offertur
360 2175 458 2237 oculis,
469 2174 590 2224 membra
600 2189 660 2224 cum
672 2174 751 2226 solvit
762 2175 847 2240 quies,

223 2245 260 2297 Et
271 2242 344 2293 fessa
354 2243 419 2293 lictu
431 2243 533 2292 lumina
543 2244 677 2308 oppressit
688 2242 782 2309 sopor!
846 2277 849 2285 ,

224 2312 308 2362 Modo
320 2311 424 2362 facibus
436 2313 501 2361 atris
513 2318 599 2361 armat
609 2311 731 2362 infirmas
742 2326 845 2374 manus,

223 2381 377 2446 Oculosque
389 2379 796 2446 ctorafratrisiniestuspctit3
1014 2423 1015 2430 ,

221 2449 306 2499 Modo
316 2449 437 2514 trepidus
446 2449 519 2498 idem
529 2447 629 2516 refugit
639 2450 666 2498 in
677 2447 810 2500 thalamos
822 2465 917 2516 me0s3
1014 2435 1015 2520 l

67 2568 73 2577 ,
162 2519 213 2567 120
223 2517 399 2582 Persequitur
409 2515 508 2578 hostis,
522 2521 602 2582 atque
612 2515 762 2570 inhaerenti
772 2515 837 2569 milri
1014 2537 1015 2540 ¹

223 2585 364 2634 Violentus
375 2599 467 2636 eurem
478 2599 528 2650 per
537 2583 608 2635 latus
619 2592 740 2637 nostrum
750 2587 831 2652 rapit.

224 2651 302 2700 Tunc
314 2657 418 2704 tremor
428 2659 455 2704 et
465 2655 560 2722 ingens
571 2656 676 2706 excutit
685 2670 796 2708 somnos
806 2669 904 2722 paror,
