2070 3060
168 208 219 260 328
348 204 382 258 li.
409 201 566 256 nNNnul
595 201 786 254 SENECAE

170 311 233 360 12111
243 307 377 361 Radiante
388 307 492 358 clarum
502 304 593 358 ironia
604 309 756 374 gestantem
767 307 867 373 caput!

242 379 294 428 llis
305 375 394 428 fracta
404 375 486 442 Calpe
497 375 620 425 manibus
632 375 721 426 emisit
729 373 848 426 fretum!

240 445 443 506 illustratae,
454 449 497 494 tot
507 443 623 505 scelera,
634 449 677 494 tot
687 457 764 510 reges
774 443 886 495 iacenti

243 515 295 566 llis
305 515 420 564 mundus
432 511 550 564 humeris
559 509 646 562 sediti
667 509 736 562 haec
746 512 831 564 nioles
840 515 976 566 mea'estl

244 583 356 634 llaecne
366 582 413 634 illa
423 579 530 632 cervini
551 577 600 631 has
611 595 665 648 ego
675 581 899 646 opposuimcras

170 651 234 702 1215
246 651 328 702 Coelo
340 648 446 702 mentil
482 649 525 698 uis
534 663 596 700 mea
607 654 699 700 custos
711 663 792 700 manu

247 717 384 771 'l'ralnctur
393 665 603 784 ultralnygiust
622 717 669 770 ubi
678 718 749 768 vires
761 718 835 784 prius

245 787 276 836 ln
287 802 331 837 me
341 785 476 852 sepultae!
497 785 568 846 Quid
579 790 685 852 patrem
697 785 803 852 adpelle
814 787 931 837 lovem?

249 854 319 915 Quid
329 870 378 920 per
388 857 542 906 Tonantem
553 853 661 904 vindico
672 855 777 906 coelum
788 853 889 906 miseri
923 869 926 876 ·

246 923 358 972 lanniam
367 937 444 975 meus
457 919 584 973 credatur
594 920 774 988 Amphitryon
786 929 874 988 pater.

169 991 236 1043 1250
249 991 431 1060 Quaecunque
442 993 527 1056 pestis
538 993 641 1041 viscere
650 991 677 1040 in
689 997 784 1042 nostra
794 991 874 1053 lates,

246 1058 382 1110 Procede:
395 1059 458 1128 quid
469 1073 513 1110 me
523 1059 633 1110 vulnere
644 1059 752 1110 occulto
763 1059 850 1126 petisi

248 1128 314 1188 Quis
324 1133 352 1179 te
362 1128 412 1180 sub
423 1141 474 1179 axe
485 1127 584 1194 frigido
595 1133 695 1193 pontus
709 1125 836 1194 Scythes,

223 1233 226 1241 .
249 1197 325 1256 Quae
336 1197 414 1262 pigra
424 1194 530 1261 Tethys
541 1197 643 1262 genuit,
655 1201 704 1246 aut
713 1197 839 1248 Maurum
845 1213 977 1268 premens

247 1263 328 1314 lbera
340 1263 421 1330 calpe
430 1263 524 1316 littusi
544 1263 567 1314 0
580 1263 667 1314 dirum
678 1264 789 1327 malum,

73 1365 75 1368 -
170 1333 237 1386 1255
248 1331 378 1384 Utrumne
389 1347 500 1400 serpens
543 1331 662 1383 ualidum
675 1335 758 1384 crista
768 1341 853 1402 caput

248 1400 378 1464 vibrans,
388 1417 423 1452 an
434 1403 506 1470 aliqu
553 1415 582 1452 es
592 1399 658 1452 mihi
667 1403 792 1470 ignotum
802 1403 923 1454 maluml

247 1467 383 1537 Numquid
395 1485 491 1522 mucre
502 1485 531 1521 es
541 1470 781 1536 genitaLeruaeae
792 1469 877 1534 ferae,

249 1537 288 1587 rin
299 1543 327 1589 tc
338 1539 445 1606 reliquit
457 1538 569 1606 Stygius
580 1539 607 1588 in
618 1540 698 1590 terris
711 1538 803 1590 canisi

249 1604 336 1657 Omne
346 1620 375 1656 es
385 1605 484 1658 malum
496 1606 659 1673 nullumque,
679 1607 745 1668 Quis
757 1607 847 1658 vultus
859 1607 976 1662 hliiestl

69 1741 71 1748 y
170 1676 239 1734 1260
250 1673 375 1726 Concede
385 1673 480 1725 saltem
492 1677 575 1734 scire,
587 1689 640 1741 quo
652 1691 761 1741 peream
771 1675 853 1726 malo.

245 1741 433 1810 Quaecunque
443 1744 541 1818 pestis,
552 1743 609 1793 aive
620 1759 796 1812 quaecunque
808 1760 836 1796 es
847 1743 923 1796 fera:

249 1807 343 1865 Palam
353 1811 471 1863 timeres.
490 1812 557 1873 Quis
567 1809 617 1862 tibi
627 1813 654 1861 in
665 1812 768 1863 medias
778 1811 869 1866 lecum

250 1877 328 1929 Fecit
337 1879 484 1930 medullasl
507 1881 593 1940 Ecce,
605 1879 720 1945 derepta
731 1887 794 1932 cute

251 1946 365 1998 Viscera
375 1951 470 2000 ma'nus
481 1947 599 2010 detexit3
611 1948 727 2000 ulterior
738 1953 828 2001 tamen

173 2017 240 2070 1265
251 2015 365 2068 iurante
373 2017 479 2069 latebra
490 2022 540 2072 est.
568 2018 591 2068 0
602 2017 702 2068 malum
712 2019 796 2070 simile
807 2019 938 2071 Herculi!

251 2085 327 2137 Unde
338 2087 390 2138 iste
400 2085 496 2160 lletusi
515 2085 587 2138 unde
596 2087 625 2136 in
635 2084 684 2138 has
694 2087 821 2139 lacrimae
832 2087 939 2158 genas!

251 2154 370 2205 luvictus
381 2154 445 2206 clim
455 2155 544 2206 vultus
554 2161 583 2206 et
593 2171 727 2222 nunquam
736 2157 813 2206 malis

250 2220 392 2274 Lacrimae
403 2225 458 2274 suis
469 2223 601 2289 praebere
611 2222 757 2278 consuetus
768 2223 890 2292 (pudctl)

250 2289 309 2339 laur
319 2288 384 2342 llere
397 2291 498 2344 didicit.
529 2293 594 2354 Quis
604 2292 662 2344 dies
672 2291 764 2346 fletum
776 2290 915 2355 Herculis,

155 2425 158 2428 Ι
178 2359 243 2409 liiii
253 2359 330 2419 Quae
339 2363 414 2410 terra
423 2349 507 2412 viditl
527 2359 622 2413 Siccus
633 2376 774 2414 aerumnas
785 2362 842 2414 tuli.

253 2426 316 2476 Tibi
326 2427 373 2477 illa
382 2429 481 2488 ninius,
493 2444 563 2496 quae
574 2435 616 2482 tet
627 2431 698 2482 elisit
706 2431 786 2494 mala,

233 2541 235 2552 ,
253 2495 316 2546 Tibi
327 2497 409 2547 cessit
419 2497 477 2548 unil
498 2500 585 2563 primo
595 2499 624 2552 et
634 2505 696 2550 ante
707 2515 800 2552 omnes
810 2497 876 2552 mihi

253 2565 359 2616 Fletum
370 2565 518 2616 abstulistil
538 2567 631 2619 durior
641 2581 707 2620 saxo
718 2567 829 2619 horrido

255 2633 292 2682 Et
302 2631 417 2698 chalybe
429 2633 519 2686 vultus
531 2641 639 2704 airaga
650 2633 833 2704 Symplegade

179 2699 244 2747 1215
257 2699 350 2752 Rictus
362 2713 440 2752 meas
448 2701 573 2770 infregit,
585 2711 613 2753 et
622 2703 761 2755 lacrimam
773 2704 888 2769 expulit!
