2070 3060
280 190 473 243 ocTnvm.
508 191 587 242 ACT.
598 193 632 244 11.

63 296 116 359 Qui
127 293 292 356 eireneeeit,
303 296 395 343 tantus
405 293 432 342 in
443 305 556 344 coecum
566 291 650 345 eham

64 368 183 416 Casurus
192 363 305 413 iterum:
316 376 388 412 nuno
399 360 477 412 adest
487 361 587 412 munde
600 361 658 414 dien

63 433 211 499 Supremos
220 430 279 492 ille,
291 431 337 496 qui
347 435 454 496 premat
464 443 549 498 genus
560 431 671 498 impium

63 501 140 554 Coeli
150 501 241 551 mina:
252 514 345 550 rursm
356 503 386 548 ut
396 499 508 566 stirpem
518 514 617 551 norem

63 571 186 622 Generet
195 582 341 620 renascens
353 567 462 629 melior;
473 573 504 618 ut
515 568 652 635 quondam
661 570 724 622 tulit

63 639 184 699 iuvenis,
196 641 306 688 tenente
316 650 401 703 regna
410 633 529 686 Saturno
539 637 603 703 poli.

63 709 143 758 Tunc
153 706 200 756 illa
209 706 300 772 virgo,
311 705 426 759 nominis
437 706 528 772 magni
539 705 601 768 dea,

61 775 185 837 lustitia,
197 774 274 825 coelo
285 775 368 824 missa
379 788 440 824 amn
450 779 546 824 saneta
555 773 623 825 Fide

62 845 174 905 Terris,
185 842 301 910 regebat
310 843 383 893 mitis
395 840 541 894 humanum
552 857 647 910 genae.

61 913 128 966 Non
137 911 209 962 bella
218 915 330 973 norant,
341 925 395 962 non
407 911 489 962 tubae
501 909 625 963 fremitus
636 918 736 979 truces,

62 982 128 1034 Non
139 994 216 1030 arma
223 984 332 1048 gentem
344 981 452 1047 cingere
464 986 606 1032 assuerant
616 997 680 1034 eoae

62 1050 153 1101 Muris
164 1064 215 1100 nee
225 1048 316 1099 urben.
334 1048 461 1098 Pervium
474 1051 580 1100 cunetis
589 1050 651 1114 iter,

65 1117 222 1170 Communis
233 1131 297 1167 usus
309 1118 428 1167 omnium
439 1133 529 1168 rerum
541 1115 607 1183 iuit3

64 1189 105 1240 Et
113 1188 174 1253 ipsa
184 1186 263 1236 tetius
274 1185 348 1236 laeta
357 1185 509 1236 foecundos
522 1188 596 1237 sinus

64 1255 211 1310 Pandebat
221 1255 306 1316 ultro,
316 1260 373 1305 tam
384 1256 435 1321 piis
445 1253 511 1304 felix
521 1267 619 1320 parens

64 1328 105 1378 Et
114 1330 176 1374 tuta
185 1323 307 1373 momnis.
326 1323 384 1373 mia
394 1323 442 1373 sed
453 1323 561 1374 soboles
571 1325 658 1376 minue

67 1397 224 1458 conspecta
233 1392 314 1442 mitis.
333 1393 457 1442 Tertium
468 1391 563 1442 rollers
574 1407 659 1459 genua

66 1462 163 1513 Norae
174 1460 208 1511 ad
219 1466 293 1510 ortes
304 1461 408 1523 extitit,
421 1466 544 1510 sanctum
555 1466 662 1524 tamen3

66 1533 136 1582 Mox
148 1531 311 1596 inquietum,
323 1529 481 1596 quodnequi
493 1543 573 1580 eursu
585 1528 659 1582 ieras

66 1599 187 1652 nudaret
197 1613 288 1660 arcem
299 1596 426 1649 fluetibus
436 1603 525 1648 tectos
536 1613 633 1665 graves

66 1665 220 1719 Extrahere
232 1669 403 1733 pisces'rete3
414 1666 458 1718 rel
469 1667 573 1717 caiamo
586 1667 638 1718 leri

67 1737 204 1801 Decipere
215 1735 352 1800 volucrem
364 1749 487 1801 premere
498 1735 636 1787 subiectos
646 1737 712 1806 iugo

67 1807 179 1856 'l'auros
189 1804 311 1869 ferocem
321 1819 431 1856 vomere
440 1805 586 1856 immunem
598 1807 672 1871 priua

68 1873 183 1924 Sulcare
193 1879 308 1936 terram,
319 1873 394 1925 laesa
404 1887 473 1940 quae
484 1872 578 1940 fruges
588 1889 651 1926 suen

69 1943 187 1993 interius
198 1941 251 1992 alte
263 1942 384 1992 condidit
395 1956 474 2002 saepo
485 1943 554 1992 sinu.

69 2010 126 2060 Sed
137 2011 164 2060 in
174 2011 293 2076 parentis
304 2013 410 2062 viscera
419 2012 531 2061 intrarit
540 2025 607 2064 suae

69 2080 200 2130 Deterior
211 2085 300 2130 aetas:
311 2081 383 2130 eruit
392 2077 495 2128 ferrum
504 2092 587 2143 grave

68 2149 239 2214 Aurumque;
250 2163 346 2198 saevas
357 2161 422 2198 mox
435 2154 463 2197 et
472 2147 587 2196 armavit
598 2161 707 2213 manum

37 2263 42 2270 .
69 2217 178 2267 Partito
189 2215 257 2266 iinos
268 2231 355 2280 regna
366 2216 521 2277 constituit,
531 2230 618 2268 norae

68 2285 200 2334 Extruxit
211 2285 304 2348 urbem
315 2289 391 2336 tecta
402 2283 524 2334 defendit
533 2286 589 2334 suin

69 2353 165 2404 Aliena
175 2353 237 2404 telin
243 2390 251 2416 ,
263 2359 310 2404 aut
321 2356 390 2420 petit
400 2352 519 2419 praedae
529 2353 678 2404 imminent.

70 2421 97 2473 N
98 2421 204 2488 eglecta
214 2427 307 2478 terrae
313 2421 383 2490 sugit
394 2428 421 2473 et
433 2437 527 2473 mores·
534 2421 607 2473 ieron

71 2491 234 2552 Hominum,
246 2496 274 2542 et
285 2497 399 2542 cruenta
409 2491 492 2542 caede
506 2491 623 2556 pollutae
635 2505 737 2555 manue,
821 2494 873 2544 425

72 2561 187 2610 Astraea
195 2560 286 2626 virgo,
298 2561 417 2617 siderum
425 2575 552 2626 magnum
563 2560 654 2611 decas.
703 2585 709 2596 ·

73 2628 179 2694 Cupido
189 2627 253 2678 beili
263 2632 348 2680 crevit
360 2637 441 2697 atque
453 2631 511 2679 auri
522 2627 616 2680 famen.

72 2699 177 2748 'l'otum
189 2711 239 2764 per
252 2698 345 2752 orbem
360 2701 506 2750 maximum
517 2705 641 2750 exortum
652 2705 694 2752 ert
704 2700 812 2762 mamm,
